<?xml version="1.0" encoding="UTF-8"?>
<!DOCTYPE html PUBLIC "-//W3C//DTD XHTML 1.0 Transitional//EN"
    "http://www.w3.org/TR/xhtml1/DTD/xhtml1-transitional.dtd">
<html xmlns="http://www.w3.org/1999/xhtml" xml:lang="en" lang="en">
 <head>
  <title>
</title>
<meta http-equiv="Content-Type" content="text/html;charset=utf-8" />
  <meta name='ocr-system' content='tesseract 3.04.00' />
  <meta name='ocr-capabilities' content='ocr_page ocr_carea ocr_par ocr_line ocrx_word'/>
</head>
<body>
  <div class='ocr_page' id='page_1' title='image "./deaeternitatemu00philgoog_0030.png"; bbox 0 0 3532 5394; ppageno 0'>
   <div class='ocr_carea' id='block_1_1' title="bbox 750 366 1560 420">
    <p class='ocr_par' dir='ltr' id='par_1_1' title="bbox 750 366 1560 420">
     <span class='ocr_line' id='line_1_1' title="bbox 750 366 1560 420; baseline -0.016 0"><span class='ocrx_word' id='word_1_1' title='bbox 750 366 1006 420; x_wconf 82' lang='lat' dir='ltr'>PROLEGOllENA</span> <span class='ocrx_word' id='word_1_2' title='bbox 1511 369 1560 408; x_wconf 71' lang='grc' dir='ltr'>παπ</span> 
     </span>
    </p>
   </div>
   <div class='ocr_carea' id='block_1_2' title="bbox 201 518 1561 3093">
    <p class='ocr_par' dir='ltr' id='par_1_2' title="bbox 201 518 1561 1029">
     <span class='ocr_line' id='line_1_2' title="bbox 202 518 1560 622; baseline -0.001 -22"><span class='ocrx_word' id='word_1_3' title='bbox 202 537 305 601; x_wconf 90' lang='lat' dir='ltr'>larum</span> <span class='ocrx_word' id='word_1_4' title='bbox 328 537 380 601; x_wconf 78' lang='grc' dir='ltr'>διε</span> <span class='ocrx_word' id='word_1_5' title='bbox 402 557 474 602; x_wconf 93' lang='lat' dir='ltr'>cum</span> <span class='ocrx_word' id='word_1_6' title='bbox 496 537 666 622; x_wconf 87' lang='lat' dir='ltr'>participio</span> <span class='ocrx_word' id='word_1_7' title='bbox 689 539 742 604; x_wconf 79' lang='lat' dir='ltr'>rel</span> <span class='ocrx_word' id='word_1_8' title='bbox 764 537 924 604; x_wconf 87' lang='lat' dir='ltr'>adiectivo</span> <span class='ocrx_word' id='word_1_9' title='bbox 946 538 999 604; x_wconf 84' lang='lat' dir='ltr'>vel</span> <span class='ocrx_word' id='word_1_10' title='bbox 1023 537 1120 604; x_wconf 91' lang='lat' dir='ltr'>etiam</span> <span class='ocrx_word' id='word_1_11' title='bbox 1142 557 1213 602; x_wconf 91' lang='lat' dir='ltr'>cum</span> <span class='ocrx_word' id='word_1_12' title='bbox 1229 536 1379 620; x_wconf 83' lang='lat' dir='ltr'>genetivo</span> <span class='ocrx_word' id='word_1_13' title='bbox 1401 518 1560 620; x_wconf 69' lang='lat' dir='ltr'>alisoluto,</span> 
     </span>
     <span class='ocr_line' id='line_1_3' title="bbox 202 635 1561 724; baseline 0.001 -24"><span class='ocrx_word' id='word_1_14' title='bbox 202 637 250 700; x_wconf 83' lang='grc' dir='ltr'>οἷα</span> <span class='ocrx_word' id='word_1_15' title='bbox 272 638 305 722; x_wconf 90' lang='lat' dir='ltr'>(i.</span> <span class='ocrx_word' id='word_1_16' title='bbox 322 659 352 721; x_wconf 87' lang='lat' dir='ltr'>q.</span> <span class='ocrx_word' id='word_1_17' title='bbox 376 638 446 722; x_wconf 84' lang='grc' dir='ltr'>ὡς),</span> <span class='ocrx_word' id='word_1_18' title='bbox 473 638 579 724; x_wconf 86' lang='grc' dir='ltr'>τρόπον</span> <span class='ocrx_word' id='word_1_19' title='bbox 595 660 666 704; x_wconf 86' lang='lat' dir='ltr'>cum</span> <span class='ocrx_word' id='word_1_20' title='bbox 689 659 777 723; x_wconf 80' lang='lat' dir='ltr'>gem,</span> <span class='ocrx_word' id='word_1_21' title='bbox 800 639 912 704; x_wconf 84' lang='grc' dir='ltr'>ὡσανεί</span> <span class='ocrx_word' id='word_1_22' title='bbox 915 640 954 724; x_wconf 84' lang='grc'>1),</span> <span class='ocrx_word' id='word_1_23' title='bbox 981 639 1025 703; x_wconf 82' lang='grc' dir='ltr'>ὅτι</span> <span class='ocrx_word' id='word_1_24' title='bbox 1048 640 1088 723; x_wconf 75' lang='grc' dir='ltr'>μὴ</span> <span class='ocrx_word' id='word_1_25' title='bbox 1111 639 1133 705; x_wconf 91' lang='lat' dir='ltr'>i.</span> <span class='ocrx_word' id='word_1_26' title='bbox 1148 660 1178 721; x_wconf 84' lang='lat' dir='ltr'>q.</span> <span class='ocrx_word' id='word_1_27' title='bbox 1200 642 1264 702; x_wconf 76' lang='lat' dir='ltr'>nisi</span> <span class='ocrx_word' id='word_1_28' title='bbox 1289 637 1401 722; x_wconf 80' lang='lat'>[25‚12</span> <span class='ocrx_word' id='word_1_29' title='bbox 1423 635 1462 702; x_wconf 83' lang='lat' dir='ltr'>of.</span> <span class='ocrx_word' id='word_1_30' title='bbox 1485 636 1561 702; x_wconf 86' lang='lat' dir='ltr'>Vita</span> 
     </span>
     <span class='ocr_line' id='line_1_4' title="bbox 201 739 1561 825; baseline -0.001 -21"><span class='ocrx_word' id='word_1_31' title='bbox 201 739 282 804; x_wconf 86' lang='lat' dir='ltr'>Mos.</span> <span class='ocrx_word' id='word_1_32' title='bbox 305 741 335 804; x_wconf 91' lang='grc' dir='ltr'>ΙΙ</span> <span class='ocrx_word' id='word_1_33' title='bbox 359 742 376 816; x_wconf 74' lang='lat' dir='ltr'>l</span> <span class='ocrx_word' id='word_1_34' title='bbox 405 741 454 823; x_wconf 92' lang='grc' dir='ltr'>(ΙΙ</span> <span class='ocrx_word' id='word_1_35' title='bbox 479 741 565 823; x_wconf 86' lang='grc'>140).</span> <span class='ocrx_word' id='word_1_36' title='bbox 610 740 703 819; x_wconf 81' lang='lat' dir='ltr'>Quod</span> <span class='ocrx_word' id='word_1_37' title='bbox 726 762 810 807; x_wconf 91' lang='lat' dir='ltr'>omn.</span> <span class='ocrx_word' id='word_1_38' title='bbox 833 741 923 825; x_wconf 79' lang='lat' dir='ltr'>prob.</span> <span class='ocrx_word' id='word_1_39' title='bbox 951 740 1004 806; x_wconf 89' lang='lat' dir='ltr'>lib.</span> <span class='ocrx_word' id='word_1_40' title='bbox 1028 761 1055 805; x_wconf 88' lang='lat' dir='ltr'>c.</span> <span class='ocrx_word' id='word_1_41' title='bbox 1073 742 1112 805; x_wconf 80' lang='lat'>12</span> <span class='ocrx_word' id='word_1_42' title='bbox 1139 741 1268 824; x_wconf 77' lang='grc'><strong>(11467</strong></span> <span class='ocrx_word' id='word_1_43' title='bbox 1291 741 1349 823; x_wconf 87' lang='grc' dir='ltr'>Μ.)</span> <span class='ocrx_word' id='word_1_44' title='bbox 1370 739 1461 824; x_wconf 87' lang='lat' dir='ltr'>etc.]‚</span> <span class='ocrx_word' id='word_1_45' title='bbox 1488 760 1561 804; x_wconf 92' lang='lat' dir='ltr'>con-</span> 
     </span>
     <span class='ocr_line' id='line_1_5' title="bbox 201 841 1414 927; baseline 0.003 -21"><span class='ocrx_word' id='word_1_46' title='bbox 201 841 333 908; x_wconf 89' lang='lat' dir='ltr'>structio</span> <span class='ocrx_word' id='word_1_47' title='bbox 355 841 447 908; x_wconf 86' lang='lat' dir='ltr'>verbi</span> <span class='ocrx_word' id='word_1_48' title='bbox 470 842 567 927; x_wconf 78' lang='grc' dir='ltr'>ἄρδειν</span> <span class='ocrx_word' id='word_1_49' title='bbox 589 864 660 909; x_wconf 94' lang='lat' dir='ltr'>cum</span> <span class='ocrx_word' id='word_1_50' title='bbox 683 844 868 910; x_wconf 88' lang='lat' dir='ltr'>accusativo</span> <span class='ocrx_word' id='word_1_51' title='bbox 890 843 936 909; x_wconf 92' lang='lat' dir='ltr'>rei</span> <span class='ocrx_word' id='word_1_52' title='bbox 959 844 1081 910; x_wconf 83' lang='lat' dir='ltr'>effusae</span> <span class='ocrx_word' id='word_1_53' title='bbox 1104 841 1157 926; x_wconf 84' lang='lat' dir='ltr'>[cs.</span> <span class='ocrx_word' id='word_1_54' title='bbox 1173 841 1253 925; x_wconf 90' lang='lat' dir='ltr'>ind.]</span> <span class='ocrx_word' id='word_1_55' title='bbox 1277 849 1336 909; x_wconf 90' lang='lat' dir='ltr'>etc.</span> <span class='ocrx_word' id='word_1_56' title='bbox 1354 850 1414 910; x_wconf 88' lang='lat' dir='ltr'>etc.</span> 
     </span>
     <span class='ocr_line' id='line_1_6' title="bbox 285 942 1561 1029; baseline -0.002 -20"><span class='ocrx_word' id='word_1_57' title='bbox 285 946 325 1010; x_wconf 92' lang='lat' dir='ltr'>ln</span> <span class='ocrx_word' id='word_1_58' title='bbox 340 944 486 1010; x_wconf 91' lang='lat' dir='ltr'>Philonis</span> <span class='ocrx_word' id='word_1_59' title='bbox 505 945 688 1012; x_wconf 76' lang='lat' dir='ltr'>elocutione</span> <span class='ocrx_word' id='word_1_60' title='bbox 711 946 771 1012; x_wconf 91' lang='lat' dir='ltr'>hoc</span> <span class='ocrx_word' id='word_1_61' title='bbox 792 945 932 1012; x_wconf 83' lang='lat' dir='ltr'>maxime</span> <span class='ocrx_word' id='word_1_62' title='bbox 947 944 1129 1029; x_wconf 89' lang='lat' dir='ltr'>speciosum</span> <span class='ocrx_word' id='word_1_63' title='bbox 1152 951 1201 1011; x_wconf 85' lang='lat' dir='ltr'>est</span> <span class='ocrx_word' id='word_1_64' title='bbox 1224 951 1256 1011; x_wconf 89' lang='lat' dir='ltr'>et</span> <span class='ocrx_word' id='word_1_65' title='bbox 1277 944 1342 1010; x_wconf 90' lang='lat' dir='ltr'>iam</span> <span class='ocrx_word' id='word_1_66' title='bbox 1365 943 1485 1010; x_wconf 90' lang='lat' dir='ltr'>dudum</span> <span class='ocrx_word' id='word_1_67' title='bbox 1508 942 1561 1008; x_wconf 90' lang='lat' dir='ltr'>ob·</span> 
     </span>
    </p>

    <p class='ocr_par' dir='ltr' id='par_1_3' title="bbox 201 1044 1561 1336">
     <span class='ocr_line' id='line_1_7' title="bbox 201 1044 1560 1133; baseline -0.001 -22"><span class='ocrx_word' id='word_1_68' title='bbox 201 1054 376 1130; x_wconf 87' lang='lat' dir='ltr'>servatum,</span> <span class='ocrx_word' id='word_1_69' title='bbox 399 1067 472 1113; x_wconf 91' lang='lat' dir='ltr'>eum</span> <span class='ocrx_word' id='word_1_70' title='bbox 495 1067 747 1133; x_wconf 83' lang='lat' dir='ltr'>synonymorum</span> <span class='ocrx_word' id='word_1_71' title='bbox 774 1046 1021 1113; x_wconf 81' lang='lat' dir='ltr'><strong>cumulationem</strong></span> <span class='ocrx_word' id='word_1_72' title='bbox 1048 1046 1081 1111; x_wconf 91' lang='lat' dir='ltr'>in</span> <span class='ocrx_word' id='word_1_73' title='bbox 1104 1046 1227 1112; x_wconf 89' lang='lat' dir='ltr'>deliciis</span> <span class='ocrx_word' id='word_1_74' title='bbox 1253 1046 1415 1113; x_wconf 89' lang='lat' dir='ltr'>habuisse.</span> <span class='ocrx_word' id='word_1_75' title='bbox 1461 1044 1560 1110; x_wconf 82' lang='lat' dir='ltr'>Cuius</span> 
     </span>
     <span class='ocr_line' id='line_1_8' title="bbox 202 1147 1561 1232; baseline -0.002 -17"><span class='ocrx_word' id='word_1_76' title='bbox 202 1148 443 1215; x_wconf 73' lang='lat' dir='ltr'>consuetudinis</span> <span class='ocrx_word' id='word_1_77' title='bbox 477 1169 517 1215; x_wconf 84' lang='lat' dir='ltr'>ex</span> <span class='ocrx_word' id='word_1_78' title='bbox 549 1157 712 1216; x_wconf 85' lang='lat' dir='ltr'>oratorum</span> <span class='ocrx_word' id='word_1_79' title='bbox 745 1148 914 1214; x_wconf 90' lang='lat' dir='ltr'>atticorum</span> <span class='ocrx_word' id='word_1_80' title='bbox 947 1148 1092 1232; x_wconf 80' lang='lat' dir='ltr'>inprimis</span> <span class='ocrx_word' id='word_1_81' title='bbox 1125 1148 1354 1214; x_wconf 81' lang='lat' dir='ltr'>Demosthenis</span> <span class='ocrx_word' id='word_1_82' title='bbox 1381 1147 1561 1212; x_wconf 80' lang='lat' dir='ltr'>imitatione</span> 
     </span>
     <span class='ocr_line' id='line_1_9' title="bbox 203 1250 1285 1336; baseline -0.001 -21"><span class='ocrx_word' id='word_1_83' title='bbox 203 1250 369 1336; x_wconf 80' lang='lat' dir='ltr'>profectae</span> <span class='ocrx_word' id='word_1_84' title='bbox 391 1250 473 1317; x_wconf 89' lang='lat' dir='ltr'>haec</span> <span class='ocrx_word' id='word_1_85' title='bbox 495 1272 514 1317; x_wconf 92' lang='lat' dir='ltr'>e</span> <span class='ocrx_word' id='word_1_86' title='bbox 536 1252 646 1318; x_wconf 92' lang='lat' dir='ltr'>libello</span> <span class='ocrx_word' id='word_1_87' title='bbox 668 1251 741 1336; x_wconf 82' lang='grc' dir='ltr'>Περὶ</span> <span class='ocrx_word' id='word_1_88' title='bbox 764 1251 929 1335; x_wconf 75' lang='grc' dir='ltr'>ἀφθαρσίας</span> <span class='ocrx_word' id='word_1_89' title='bbox 952 1250 1101 1333; x_wconf 85' lang='lat' dir='ltr'>exempla</span> <span class='ocrx_word' id='word_1_90' title='bbox 1123 1250 1285 1332; x_wconf 79' lang='lat' dir='ltr'>congessi:</span> 
     </span>
    </p>

    <p class='ocr_par' dir='ltr' id='par_1_4' title="bbox 504 1360 881 1456">
     <span class='ocr_line' id='line_1_10' title="bbox 504 1360 881 1456; baseline 0.008 -21"><span class='ocrx_word' id='word_1_91' title='bbox 504 1371 632 1456; x_wconf 81' lang='grc' dir='ltr'>ἄμορφοι</span> <span class='ocrx_word' id='word_1_92' title='bbox 654 1371 703 1434; x_wconf 80' lang='grc' dir='ltr'>καὶ</span> <span class='ocrx_word' id='word_1_93' title='bbox 725 1360 881 1455; x_wconf 73' lang='grc' dir='ltr'>εἰδεχθεῖς,</span> 
     </span>
    </p>

    <p class='ocr_par' dir='ltr' id='par_1_5' title="bbox 506 1471 1226 1558">
     <span class='ocr_line' id='line_1_11' title="bbox 506 1471 1226 1558; baseline -0.006 -20"><span class='ocrx_word' id='word_1_94' title='bbox 506 1475 639 1543; x_wconf 78' lang='grc' dir='ltr'>ἀκλινοῦς</span> <span class='ocrx_word' id='word_1_95' title='bbox 661 1471 848 1558; x_wconf 78' lang='grc' dir='ltr'>βεβαιότητος</span> <span class='ocrx_word' id='word_1_96' title='bbox 871 1474 919 1537; x_wconf 84' lang='grc' dir='ltr'>καὶ</span> <span class='ocrx_word' id='word_1_97' title='bbox 941 1471 1102 1536; x_wconf 78' lang='grc' dir='ltr'>ἀσαλεύτου</span> <span class='ocrx_word' id='word_1_98' title='bbox 1126 1476 1226 1555; x_wconf 79' lang='grc' dir='ltr'>μονῆς,</span> 
     </span>
    </p>

    <p class='ocr_par' dir='ltr' id='par_1_6' title="bbox 505 1574 817 1661">
     <span class='ocr_line' id='line_1_12' title="bbox 505 1574 817 1661; baseline -0.003 -22"><span class='ocrx_word' id='word_1_99' title='bbox 505 1576 590 1661; x_wconf 73' lang='grc' dir='ltr'>ἀργία</span> <span class='ocrx_word' id='word_1_100' title='bbox 612 1576 661 1640; x_wconf 80' lang='grc' dir='ltr'>καὶ</span> <span class='ocrx_word' id='word_1_101' title='bbox 682 1574 817 1659; x_wconf 73' lang='grc' dir='ltr'>ἀπραξία,</span> 
     </span>
    </p>

    <p class='ocr_par' dir='ltr' id='par_1_7' title="bbox 506 1679 1073 1763">
     <span class='ocr_line' id='line_1_13' title="bbox 506 1679 1073 1763; baseline -0.005 -21"><span class='ocrx_word' id='word_1_102' title='bbox 506 1680 761 1763; x_wconf 78' lang='grc' dir='ltr'>ἀποδιδράσκουσα</span> <span class='ocrx_word' id='word_1_103' title='bbox 782 1679 831 1742; x_wconf 82' lang='grc' dir='ltr'>καλ</span> <span class='ocrx_word' id='word_1_104' title='bbox 852 1680 1073 1751; x_wconf 82' lang='grc' dir='ltr'>λιποτακτοῦσα,</span> 
     </span>
    </p>

    <p class='ocr_par' dir='ltr' id='par_1_8' title="bbox 504 1779 1037 1866">
     <span class='ocr_line' id='line_1_14' title="bbox 504 1779 1037 1866; baseline -0.008 -22"><span class='ocrx_word' id='word_1_105' title='bbox 504 1781 740 1866; x_wconf 79' lang='grc' dir='ltr'>ἀρχεχονώτερον</span> <span class='ocrx_word' id='word_1_106' title='bbox 762 1783 811 1844; x_wconf 83' lang='grc' dir='ltr'>καὶ</span> <span class='ocrx_word' id='word_1_107' title='bbox 832 1779 1037 1866; x_wconf 77' lang='grc' dir='ltr'>πρεσβύτερον,</span> 
     </span>
    </p>

    <p class='ocr_par' dir='ltr' id='par_1_9' title="bbox 505 1881 894 1968">
     <span class='ocr_line' id='line_1_15' title="bbox 505 1881 894 1968; baseline -0.005 -22"><span class='ocrx_word' id='word_1_108' title='bbox 505 1884 671 1968; x_wconf 79' lang='grc' dir='ltr'>ἀμηχάνοις</span> <span class='ocrx_word' id='word_1_109' title='bbox 692 1884 741 1946; x_wconf 84' lang='grc' dir='ltr'>καὶ</span> <span class='ocrx_word' id='word_1_110' title='bbox 764 1881 894 1966; x_wconf 84' lang='grc' dir='ltr'>ἀπόροις,</span> 
     </span>
    </p>

    <p class='ocr_par' dir='ltr' id='par_1_10' title="bbox 504 1983 1169 2069">
     <span class='ocr_line' id='line_1_16' title="bbox 504 1983 1169 2069; baseline -0.006 -21"><span class='ocrx_word' id='word_1_111' title='bbox 504 1983 644 2069; x_wconf 77' lang='grc' dir='ltr'>αὐξήσεσι</span> <span class='ocrx_word' id='word_1_112' title='bbox 666 1985 715 2048; x_wconf 84' lang='grc' dir='ltr'>καὶ</span> <span class='ocrx_word' id='word_1_113' title='bbox 736 1986 897 2069; x_wconf 85' lang='grc' dir='ltr'>προκοπαῖς</span> <span class='ocrx_word' id='word_1_114' title='bbox 919 1984 968 2046; x_wconf 82' lang='grc' dir='ltr'>καλ</span> <span class='ocrx_word' id='word_1_115' title='bbox 991 1983 1169 2067; x_wconf 84' lang='grc' dir='ltr'>βελτιώσεσι,</span> 
     </span>
    </p>

    <p class='ocr_par' dir='ltr' id='par_1_11' title="bbox 506 2085 976 2170">
     <span class='ocr_line' id='line_1_17' title="bbox 506 2085 976 2170; baseline -0.006 -20"><span class='ocrx_word' id='word_1_116' title='bbox 506 2085 737 2170; x_wconf 81' lang='grc' dir='ltr'>αὐταρκέστατον</span> <span class='ocrx_word' id='word_1_117' title='bbox 759 2087 808 2150; x_wconf 82' lang='grc' dir='ltr'>καὶ</span> <span class='ocrx_word' id='word_1_118' title='bbox 829 2085 976 2159; x_wconf 80' lang='grc' dir='ltr'>ἀνεπιδεᾶ,</span> 
     </span>
    </p>

    <p class='ocr_par' dir='ltr' id='par_1_12' title="bbox 507 2187 848 2265">
     <span class='ocr_line' id='line_1_18' title="bbox 507 2187 848 2265; baseline -0.009 -12"><span class='ocrx_word' id='word_1_119' title='bbox 507 2190 631 2254; x_wconf 81' lang='grc' dir='ltr'>διέσεισε</span> <span class='ocrx_word' id='word_1_120' title='bbox 653 2191 702 2253; x_wconf 78' lang='grc' dir='ltr'>καί</span> <span class='ocrx_word' id='word_1_121' title='bbox 724 2187 848 2265; x_wconf 80' lang='grc' dir='ltr'>διέλυσε,</span> 
     </span>
    </p>

    <p class='ocr_par' dir='ltr' id='par_1_13' title="bbox 505 2286 1156 2374">
     <span class='ocr_line' id='line_1_19' title="bbox 505 2286 1156 2374; baseline -0.006 -20"><span class='ocrx_word' id='word_1_122' title='bbox 505 2292 643 2355; x_wconf 82' lang='grc' dir='ltr'>ἐνιαυτῶν</span> <span class='ocrx_word' id='word_1_123' title='bbox 666 2290 810 2374; x_wconf 88' lang='grc' dir='ltr'>περιόδοις</span> <span class='ocrx_word' id='word_1_124' title='bbox 831 2291 880 2353; x_wconf 83' lang='grc' dir='ltr'>καλ</span> <span class='ocrx_word' id='word_1_125' title='bbox 903 2289 1009 2373; x_wconf 79' lang='grc' dir='ltr'>μήκεσι</span> <span class='ocrx_word' id='word_1_126' title='bbox 1032 2286 1156 2372; x_wconf 87' lang='grc' dir='ltr'>χρόνων,</span> 
     </span>
    </p>

    <p class='ocr_par' dir='ltr' id='par_1_14' title="bbox 504 2392 825 2479">
     <span class='ocr_line' id='line_1_20' title="bbox 504 2392 825 2479; baseline -0.006 -21"><span class='ocrx_word' id='word_1_127' title='bbox 504 2393 635 2479; x_wconf 81' lang='grc' dir='ltr'>εόσεβιῖις</span> <span class='ocrx_word' id='word_1_128' title='bbox 656 2395 705 2457; x_wconf 78' lang='grc' dir='ltr'>καί</span> <span class='ocrx_word' id='word_1_129' title='bbox 727 2392 825 2470; x_wconf 85' lang='grc' dir='ltr'>ὁσίως,</span> 
     </span>
    </p>

    <p class='ocr_par' dir='ltr' id='par_1_15' title="bbox 505 2496 922 2580">
     <span class='ocr_line' id='line_1_21' title="bbox 505 2496 922 2580; baseline -0.01 -20"><span class='ocrx_word' id='word_1_130' title='bbox 505 2497 655 2580; x_wconf 77' lang='grc' dir='ltr'>θλάσμασι</span> <span class='ocrx_word' id='word_1_131' title='bbox 678 2499 726 2560; x_wconf 83' lang='grc' dir='ltr'>καὶ</span> <span class='ocrx_word' id='word_1_132' title='bbox 748 2496 922 2579; x_wconf 79' lang='grc' dir='ltr'>κατάημασι,</span> 
     </span>
    </p>

    <p class='ocr_par' dir='ltr' id='par_1_16' title="bbox 506 2596 1063 2683">
     <span class='ocr_line' id='line_1_22' title="bbox 506 2596 1063 2683; baseline -0.005 -21"><span class='ocrx_word' id='word_1_133' title='bbox 506 2600 716 2683; x_wconf 79' lang='grc' dir='ltr'>καθαρώτατος</span> <span class='ocrx_word' id='word_1_134' title='bbox 737 2598 786 2661; x_wconf 80' lang='grc' dir='ltr'>καὶ</span> <span class='ocrx_word' id='word_1_135' title='bbox 808 2596 1063 2682; x_wconf 82' lang='grc' dir='ltr'>ἀκραιφνέστατος,</span> 
     </span>
    </p>

    <p class='ocr_par' dir='ltr' id='par_1_17' title="bbox 504 2700 825 2786">
     <span class='ocr_line' id='line_1_23' title="bbox 504 2700 825 2786; baseline 0.003 -20"><span class='ocrx_word' id='word_1_136' title='bbox 504 2702 594 2786; x_wconf 80' lang='grc' dir='ltr'>μέτρα</span> <span class='ocrx_word' id='word_1_137' title='bbox 616 2702 665 2765; x_wconf 82' lang='grc' dir='ltr'>καλ</span> <span class='ocrx_word' id='word_1_138' title='bbox 687 2700 825 2785; x_wconf 77' lang='grc' dir='ltr'>βόβμους,</span> 
     </span>
    </p>

    <p class='ocr_par' dir='ltr' id='par_1_18' title="bbox 506 2803 865 2889">
     <span class='ocr_line' id='line_1_24' title="bbox 506 2803 865 2889; baseline -0.014 -21"><span class='ocrx_word' id='word_1_139' title='bbox 506 2806 620 2889; x_wconf 84' lang='grc' dir='ltr'>μυδῶσι</span> <span class='ocrx_word' id='word_1_140' title='bbox 643 2803 692 2867; x_wconf 80' lang='grc' dir='ltr'>καὶ</span> <span class='ocrx_word' id='word_1_141' title='bbox 714 2803 865 2887; x_wconf 85' lang='grc' dir='ltr'>σήπονται,</span> 
     </span>
    </p>

    <p class='ocr_par' dir='ltr' id='par_1_19' title="bbox 504 2904 806 2990">
     <span class='ocr_line' id='line_1_25' title="bbox 504 2904 806 2990; baseline 0.017 -21"><span class='ocrx_word' id='word_1_142' title='bbox 504 2905 592 2990; x_wconf 88' lang='grc' dir='ltr'>νόμος</span> <span class='ocrx_word' id='word_1_143' title='bbox 614 2908 663 2971; x_wconf 80' lang='grc' dir='ltr'>καὶ</span> <span class='ocrx_word' id='word_1_144' title='bbox 684 2904 806 2987; x_wconf 77' lang='grc' dir='ltr'>δεσμός,</span> 
     </span>
    </p>

    <p class='ocr_par' dir='ltr' id='par_1_20' title="bbox 509 3005 863 3093">
     <span class='ocr_line' id='line_1_26' title="bbox 509 3005 863 3093; baseline 0.008 -22"><span class='ocrx_word' id='word_1_145' title='bbox 509 3009 615 3093; x_wconf 70' lang='grc' dir='ltr'>ὑγιείας</span> <span class='ocrx_word' id='word_1_146' title='bbox 638 3009 687 3072; x_wconf 84' lang='grc' dir='ltr'>καὶ</span> <span class='ocrx_word' id='word_1_147' title='bbox 709 3005 863 3091; x_wconf 76' lang='grc' dir='ltr'>σωτηρίας,</span> 
     </span>
    </p>
   </div>
   <div class='ocr_carea' id='block_1_3' title="bbox 441 3110 882 3301">
    <p class='ocr_par' dir='ltr' id='par_1_21' title="bbox 441 3110 882 3301">
     <span class='ocr_line' id='line_1_27' title="bbox 441 3110 882 3193; baseline -0.009 -19"><span class='ocrx_word' id='word_1_148' title='bbox 441 3166 445 3174; x_wconf 93' lang='grc'>.</span> <span class='ocrx_word' id='word_1_149' title='bbox 504 3111 654 3176; x_wconf 82' lang='grc' dir='ltr'>ὑπανίεται</span> <span class='ocrx_word' id='word_1_150' title='bbox 675 3110 724 3174; x_wconf 80' lang='grc' dir='ltr'>καὶ</span> <span class='ocrx_word' id='word_1_151' title='bbox 746 3111 882 3193; x_wconf 83' lang='grc' dir='ltr'>χαλᾶται,</span> 
     </span>
     <span class='ocr_line' id='line_1_28' title="bbox 504 3212 801 3301; baseline -0.003 -23"><span class='ocrx_word' id='word_1_152' title='bbox 504 3213 608 3301; x_wconf 87' lang='grc' dir='ltr'>χωλὴν</span> <span class='ocrx_word' id='word_1_153' title='bbox 629 3213 678 3277; x_wconf 82' lang='grc' dir='ltr'>καὶ</span> <span class='ocrx_word' id='word_1_154' title='bbox 700 3212 801 3295; x_wconf 82' lang='grc' dir='ltr'>ἀτελῆ.</span> 
     </span>
    </p>
   </div>
   <div class='ocr_carea' id='block_1_4' title="bbox 201 3337 1562 4038">
    <p class='ocr_par' dir='ltr' id='par_1_22' title="bbox 201 3337 1562 3944">
     <span class='ocr_line' id='line_1_29' title="bbox 287 3337 1560 3427; baseline -0.007 -15"><span class='ocrx_word' id='word_1_155' title='bbox 287 3347 356 3412; x_wconf 86' lang='lat' dir='ltr'>Nec</span> <span class='ocrx_word' id='word_1_156' title='bbox 390 3344 493 3427; x_wconf 82' lang='lat' dir='ltr'>magis</span> <span class='ocrx_word' id='word_1_157' title='bbox 525 3361 621 3425; x_wconf 89' lang='lat' dir='ltr'>quam</span> <span class='ocrx_word' id='word_1_158' title='bbox 653 3340 821 3405; x_wconf 88' lang='lat' dir='ltr'>Philonem</span> <span class='ocrx_word' id='word_1_159' title='bbox 853 3337 932 3422; x_wconf 86' lang='lat' dir='ltr'>[nvn</span> <span class='ocrx_word' id='word_1_160' title='bbox 960 3339 1082 3425; x_wconf 83' lang='lat' dir='ltr'>Cohn],</span> <span class='ocrx_word' id='word_1_161' title='bbox 1116 3340 1169 3423; x_wconf 90' lang='lat' dir='ltr'>qui</span> <span class='ocrx_word' id='word_1_162' title='bbox 1200 3339 1346 3405; x_wconf 82' lang='lat' dir='ltr'>Platonis</span> <span class='ocrx_word' id='word_1_163' title='bbox 1380 3341 1560 3423; x_wconf 86' lang='lat' dir='ltr'>exemplum</span> 
     </span>
     <span class='ocr_line' id='line_1_30' title="bbox 201 3441 1561 3526; baseline -0.009 -10"><span class='ocrx_word' id='word_1_164' title='bbox 201 3457 331 3517; x_wconf 85' lang='lat' dir='ltr'>secutus</span> <span class='ocrx_word' id='word_1_165' title='bbox 353 3448 490 3514; x_wconf 89' lang='lat' dir='ltr'>eandem</span> <span class='ocrx_word' id='word_1_166' title='bbox 513 3465 580 3511; x_wconf 92' lang='lat' dir='ltr'>rem</span> <span class='ocrx_word' id='word_1_167' title='bbox 603 3441 701 3509; x_wconf 85' lang='lat' dir='ltr'>variis</span> <span class='ocrx_word' id='word_1_168' title='bbox 723 3441 814 3506; x_wconf 83' lang='lat' dir='ltr'>iuxta</span> <span class='ocrx_word' id='word_1_169' title='bbox 836 3442 950 3526; x_wconf 89' lang='lat' dir='ltr'>positis</span> <span class='ocrx_word' id='word_1_170' title='bbox 972 3443 1089 3508; x_wconf 91' lang='lat' dir='ltr'>iterare</span> <span class='ocrx_word' id='word_1_171' title='bbox 1112 3442 1220 3508; x_wconf 86' lang='lat' dir='ltr'>verbis</span> <span class='ocrx_word' id='word_1_172' title='bbox 1234 3442 1374 3524; x_wconf 83' lang='lat' dir='ltr'>adamat,</span> <span class='ocrx_word' id='word_1_173' title='bbox 1397 3449 1561 3507; x_wconf 81' lang='lat' dir='ltr'>auctorem</span> 
     </span>
     <span class='ocr_line' id='line_1_31' title="bbox 201 3543 1562 3629; baseline -0.008 -13"><span class='ocrx_word' id='word_1_174' title='bbox 201 3553 296 3617; x_wconf 88' lang='lat' dir='ltr'>huius</span> <span class='ocrx_word' id='word_1_175' title='bbox 327 3551 399 3616; x_wconf 87' lang='lat' dir='ltr'>libri</span> <span class='ocrx_word' id='word_1_176' title='bbox 426 3547 622 3629; x_wconf 80' lang='lat' dir='ltr'>tautologiae</span> <span class='ocrx_word' id='word_1_177' title='bbox 652 3544 802 3627; x_wconf 81' lang='lat' dir='ltr'>effugisse</span> <span class='ocrx_word' id='word_1_178' title='bbox 833 3565 904 3609; x_wconf 93' lang='lat' dir='ltr'>cum</span> <span class='ocrx_word' id='word_1_179' title='bbox 932 3565 972 3611; x_wconf 86' lang='lat' dir='ltr'>ex</span> <span class='ocrx_word' id='word_1_180' title='bbox 998 3544 1071 3609; x_wconf 88' lang='lat' dir='ltr'>aliis</span> <span class='ocrx_word' id='word_1_181' title='bbox 1100 3545 1194 3627; x_wconf 82' lang='lat'>(13,3</span> <span class='ocrx_word' id='word_1_182' title='bbox 1221 3544 1433 3627; x_wconf 62' lang='lat' dir='ltr'>ruricoliter</span> <span class='ocrx_word' id='word_1_183' title='bbox 1460 3543 1562 3628; x_wconf 74' lang='grc' dir='ltr'>ἰσχύος</span> 
     </span>
     <span class='ocr_line' id='line_1_32' title="bbox 202 3646 1561 3740; baseline -0.007 -22"><span class='ocrx_word' id='word_1_184' title='bbox 202 3656 317 3740; x_wconf 81' lang='grc' dir='ltr'>βώμην;</span> <span class='ocrx_word' id='word_1_185' title='bbox 340 3652 439 3735; x_wconf 86' lang='grc'>38,18</span> <span class='ocrx_word' id='word_1_186' title='bbox 455 3648 621 3735; x_wconf 75' lang='grc' dir='ltr'>θλιβόμενοι</span> <span class='ocrx_word' id='word_1_187' title='bbox 643 3646 802 3726; x_wconf 56' lang='grc' dir='ltr'>πιέζοντας</span> <span class='ocrx_word' id='word_1_188' title='bbox 825 3647 926 3731; x_wconf 88' lang='grc'>36,10</span> <span class='ocrx_word' id='word_1_189' title='bbox 946 3647 1043 3730; x_wconf 70' lang='grc' dir='ltr'>ἠρέμα</span> <span class='ocrx_word' id='word_1_190' title='bbox 1058 3646 1120 3711; x_wconf 81' lang='grc' dir='ltr'>κατ’</span> <span class='ocrx_word' id='word_1_191' title='bbox 1141 3648 1250 3731; x_wconf 54' lang='lat' dir='ltr'>ilicem</span> <span class='ocrx_word' id='word_1_192' title='bbox 1272 3647 1372 3729; x_wconf 76' lang='lat'>26,13</span> <span class='ocrx_word' id='word_1_193' title='bbox 1396 3647 1561 3731; x_wconf 81' lang='grc' dir='ltr'>συλλήβδην</span> 
     </span>
     <span class='ocr_line' id='line_1_33' title="bbox 202 3748 1561 3842; baseline -0.007 -22"><span class='ocrx_word' id='word_1_194' title='bbox 202 3755 336 3842; x_wconf 75' lang='grc' dir='ltr'>ἀθρόων)</span> <span class='ocrx_word' id='word_1_195' title='bbox 356 3762 423 3821; x_wconf 90' lang='lat' dir='ltr'>tum</span> <span class='ocrx_word' id='word_1_196' title='bbox 446 3773 487 3818; x_wconf 82' lang='lat' dir='ltr'>ex</span> <span class='ocrx_word' id='word_1_197' title='bbox 502 3752 564 3816; x_wconf 85' lang='lat' dir='ltr'>hac</span> <span class='ocrx_word' id='word_1_198' title='bbox 586 3767 691 3834; x_wconf 88' lang='lat' dir='ltr'>paene</span> <span class='ocrx_word' id='word_1_199' title='bbox 706 3756 894 3831; x_wconf 87' lang='lat' dir='ltr'>portentosa</span> <span class='ocrx_word' id='word_1_200' title='bbox 913 3748 1128 3814; x_wconf 86' lang='lat' dir='ltr'>cumulatione</span> <span class='ocrx_word' id='word_1_201' title='bbox 1143 3749 1290 3815; x_wconf 87' lang='lat' dir='ltr'>videmus</span> <span class='ocrx_word' id='word_1_202' title='bbox 1312 3749 1408 3831; x_wconf 57' lang='lat'>4217</span> <span class='ocrx_word' id='word_1_203' title='bbox 1434 3748 1496 3832; x_wconf 86' lang='grc' dir='ltr'>ἀρα</span> <span class='ocrx_word' id='word_1_204' title='bbox 1511 3750 1561 3812; x_wconf 82' lang='grc' dir='ltr'>καὶ</span> 
     </span>
     <span class='ocr_line' id='line_1_34' title="bbox 201 3850 897 3944; baseline -0.011 -21"><span class='ocrx_word' id='word_1_205' title='bbox 201 3859 232 3923; x_wconf 79' lang='grc' dir='ltr'>ἐν</span> <span class='ocrx_word' id='word_1_206' title='bbox 253 3857 365 3944; x_wconf 74' lang='grc' dir='ltr'>ταύτῷ,</span> <span class='ocrx_word' id='word_1_207' title='bbox 388 3855 483 3941; x_wconf 75' lang='grc' dir='ltr'>ἀθρόα</span> <span class='ocrx_word' id='word_1_208' title='bbox 504 3853 578 3919; x_wconf 84' lang='grc' dir='ltr'>κατὰ</span> <span class='ocrx_word' id='word_1_209' title='bbox 600 3853 650 3916; x_wconf 82' lang='grc' dir='ltr'>τὸν</span> <span class='ocrx_word' id='word_1_210' title='bbox 672 3851 760 3915; x_wconf 80' lang='grc' dir='ltr'>αὐτόν</span> <span class='ocrx_word' id='word_1_211' title='bbox 781 3850 897 3936; x_wconf 89' lang='grc' dir='ltr'>χρόνον.</span> 
     </span>
    </p>

    <p class='ocr_par' dir='ltr' id='par_1_23' title="bbox 287 3950 1562 4038">
     <span class='ocr_line' id='line_1_35' title="bbox 287 3950 1562 4038; baseline -0.006 -14"><span class='ocrx_word' id='word_1_212' title='bbox 287 3959 396 4026; x_wconf 90' lang='lat' dir='ltr'>Ludos</span> <span class='ocrx_word' id='word_1_213' title='bbox 418 3957 599 4036; x_wconf 88' lang='lat' dir='ltr'>verborum,</span> <span class='ocrx_word' id='word_1_214' title='bbox 622 3974 703 4037; x_wconf 90' lang='lat' dir='ltr'>quos</span> <span class='ocrx_word' id='word_1_215' title='bbox 718 3950 812 4017; x_wconf 91' lang='lat' dir='ltr'>Philo</span> <span class='ocrx_word' id='word_1_216' title='bbox 834 3951 868 4016; x_wconf 94' lang='lat' dir='ltr'>in</span> <span class='ocrx_word' id='word_1_217' title='bbox 888 3952 1011 4018; x_wconf 89' lang='lat' dir='ltr'>deliciis</span> <span class='ocrx_word' id='word_1_218' title='bbox 1033 3952 1177 4038; x_wconf 80' lang='lat' dir='ltr'>habet¹)‚</span> <span class='ocrx_word' id='word_1_219' title='bbox 1201 3952 1253 4018; x_wconf 90' lang='lat' dir='ltr'>hic</span> <span class='ocrx_word' id='word_1_220' title='bbox 1275 3973 1402 4036; x_wconf 88' lang='lat' dir='ltr'>quoque</span> <span class='ocrx_word' id='word_1_221' title='bbox 1424 3953 1562 4036; x_wconf 85' lang='lat' dir='ltr'>scriptor</span> 
     </span>
    </p>
   </div>
   <div class='ocr_carea' id='block_1_5' title="bbox 158 4053 1562 4243">
    <p class='ocr_par' dir='ltr' id='par_1_24' title="bbox 158 4053 1562 4243">
     <span class='ocr_line' id='line_1_36' title="bbox 202 4053 1065 4148; baseline -0.009 -20"><span class='ocrx_word' id='word_1_222' title='bbox 202 4063 331 4129; x_wconf 81' lang='lat' dir='ltr'>dilexit:</span> <span class='ocrx_word' id='word_1_223' title='bbox 354 4062 472 4148; x_wconf 88' lang='grc' dir='ltr'>ἀβιώτιρ</span> <span class='ocrx_word' id='word_1_224' title='bbox 496 4060 561 4145; x_wconf 81' lang='grc' dir='ltr'>βίη),</span> <span class='ocrx_word' id='word_1_225' title='bbox 585 4059 637 4142; x_wconf 81' lang='grc' dir='ltr'>τὴν</span> <span class='ocrx_word' id='word_1_226' title='bbox 659 4054 803 4139; x_wconf 86' lang='grc' dir='ltr'>ἀκοσμίαν</span> <span class='ocrx_word' id='word_1_227' title='bbox 827 4053 935 4138; x_wconf 90' lang='grc' dir='ltr'>κόσμον</span> <span class='ocrx_word' id='word_1_228' title='bbox 959 4059 1065 4126; x_wconf 83' lang='grc' dir='ltr'>καλεῖς.</span> 
     </span>
     <span class='ocr_line' id='line_1_37' title="bbox 158 4156 1562 4243; baseline -0.009 -12"><span class='ocrx_word' id='word_1_229' title='bbox 158 4215 161 4221; x_wconf 87' lang='grc'>.</span> <span class='ocrx_word' id='word_1_230' title='bbox 287 4164 440 4230; x_wconf 86' lang='lat' dir='ltr'>Similiter</span> <span class='ocrx_word' id='word_1_231' title='bbox 463 4162 560 4229; x_wconf 87' lang='lat' dir='ltr'>etiam</span> <span class='ocrx_word' id='word_1_232' title='bbox 581 4160 735 4225; x_wconf 75' lang='grc' dir='ltr'>ἀσύνδετον</span> <span class='ocrx_word' id='word_1_233' title='bbox 755 4156 868 4223; x_wconf 83' lang='lat' dir='ltr'>dilexit</span> <span class='ocrx_word' id='word_1_234' title='bbox 892 4156 998 4242; x_wconf 81' lang='lat' dir='ltr'>[Cohn</span> <span class='ocrx_word' id='word_1_235' title='bbox 1019 4159 1109 4241; x_wconf 76' lang='lat' dir='ltr'>nvrrl.</span> <span class='ocrx_word' id='word_1_236' title='bbox 1150 4159 1250 4242; x_wconf 78' lang='lat'>25‚19</span> <span class='ocrx_word' id='word_1_237' title='bbox 1273 4158 1401 4234; x_wconf 81' lang='grc' dir='ltr'>αἰπόλια,</span> <span class='ocrx_word' id='word_1_238' title='bbox 1425 4156 1562 4243; x_wconf 85' lang='grc' dir='ltr'>βουκόλια</span> 
     </span>
    </p>
   </div>
   <div class='ocr_carea' id='block_1_6' title="bbox 158 4413 1039 4666">
    <p class='ocr_par' dir='ltr' id='par_1_25' title="bbox 158 4413 1039 4666">
     <span class='ocr_line' id='line_1_38' title="bbox 274 4413 1039 4492; baseline -0.013 -16"><span class='ocrx_word' id='word_1_239' title='bbox 274 4424 292 4492; x_wconf 85' lang='lat'>¹)</span> <span class='ocrx_word' id='word_1_240' title='bbox 312 4423 351 4475; x_wconf 88' lang='lat' dir='ltr'>De</span> <span class='ocrx_word' id='word_1_241' title='bbox 368 4420 410 4475; x_wconf 88' lang='lat' dir='ltr'>his</span> <span class='ocrx_word' id='word_1_242' title='bbox 428 4420 549 4474; x_wconf 89' lang='lat' dir='ltr'>omnibus</span> <span class='ocrx_word' id='word_1_243' title='bbox 568 4419 601 4473; x_wconf 85' lang='lat' dir='ltr'>ct.</span> <span class='ocrx_word' id='word_1_244' title='bbox 620 4417 732 4471; x_wconf 87' lang='lat' dir='ltr'>indicem</span> <span class='ocrx_word' id='word_1_245' title='bbox 751 4413 845 4468; x_wconf 83' lang='lat' dir='ltr'>Cohuii</span> <span class='ocrx_word' id='word_1_246' title='bbox 864 4430 921 4468; x_wconf 87' lang='lat' dir='ltr'>cum</span> <span class='ocrx_word' id='word_1_247' title='bbox 941 4419 1039 4468; x_wconf 86' lang='lat' dir='ltr'>nostro.</span> 
     </span>
     <span class='ocr_line' id='line_1_39' title="bbox 272 4503 737 4578; baseline -0.015 -15"><span class='ocrx_word' id='word_1_248' title='bbox 272 4508 293 4576; x_wconf 86' lang='lat'>¹)</span> <span class='ocrx_word' id='word_1_249' title='bbox 312 4508 439 4578; x_wconf 75' lang='lat' dir='ltr'>Stagiried</span> <span class='ocrx_word' id='word_1_250' title='bbox 458 4525 484 4578; x_wconf 89' lang='lat' dir='ltr'>p.</span> <span class='ocrx_word' id='word_1_251' title='bbox 499 4507 558 4571; x_wconf 78' lang='lat'>132,</span> <span class='ocrx_word' id='word_1_252' title='bbox 576 4506 651 4560; x_wconf 84' lang='lat' dir='ltr'>Gohn</span> <span class='ocrx_word' id='word_1_253' title='bbox 669 4503 737 4558; x_wconf 85' lang='lat' dir='ltr'>LVI.</span> 
     </span>
     <span class='ocr_line' id='line_1_40' title="bbox 158 4593 842 4666; baseline -0.018 -14"><span class='ocrx_word' id='word_1_254' title='bbox 158 4599 160 4602; x_wconf 81' lang='grc'><strong>’</strong></span> <span class='ocrx_word' id='word_1_255' title='bbox 273 4596 294 4663; x_wconf 82' lang='lat'>¹)</span> <span class='ocrx_word' id='word_1_256' title='bbox 314 4594 442 4666; x_wconf 76' lang='lat' dir='ltr'>Sieglried</span> <span class='ocrx_word' id='word_1_257' title='bbox 460 4594 580 4663; x_wconf 80' lang='lat' dir='ltr'><strong>p.135,6</strong></span> <span class='ocrx_word' id='word_1_258' title='bbox 599 4596 625 4648; x_wconf 88' lang='lat' dir='ltr'>et</span> <span class='ocrx_word' id='word_1_259' title='bbox 642 4593 698 4645; x_wconf 90' lang='lat' dir='ltr'>ind.</span> <span class='ocrx_word' id='word_1_260' title='bbox 716 4593 842 4642; x_wconf 86' lang='lat' dir='ltr'>nostrum.</span> 
     </span>
    </p>
   </div>
   <div class='ocr_carea' id='block_1_7' title="bbox 0 0 1770 5394">
    <p class='ocr_par' dir='ltr' id='par_1_26' title="bbox 0 0 1770 5394">
     <span class='ocr_line' id='line_1_41' title="bbox 0 0 1770 5394; baseline 0 1"><span class='ocrx_word' id='word_1_261' title='bbox 0 0 1770 5394; x_wconf 95' lang='lat' dir='ltr'> </span> 
     </span>
    </p>
   </div>
  </div>
 </body>
</html>
