<?xml version="1.0" encoding="UTF-8"?>
<!DOCTYPE html PUBLIC "-//W3C//DTD XHTML 1.0 Transitional//EN"
    "http://www.w3.org/TR/xhtml1/DTD/xhtml1-transitional.dtd">
<html xmlns="http://www.w3.org/1999/xhtml" xml:lang="en" lang="en">
 <head>
  <title>
</title>
<meta http-equiv="Content-Type" content="text/html;charset=utf-8" />
  <meta name='ocr-system' content='tesseract 3.04.00' />
  <meta name='ocr-capabilities' content='ocr_page ocr_carea ocr_par ocr_line ocrx_word'/>
</head>
<body>
  <div class='ocr_page' id='page_1' title='image "./deaeternitatemu00philgoog_0010.png"; bbox 0 0 3532 5394; ppageno 0'>
   <div class='ocr_carea' id='block_1_1' title="bbox 576 1071 1058 1149">
    <p class='ocr_par' dir='ltr' id='par_1_1' title="bbox 576 1071 1058 1149">
     <span class='ocr_line' id='line_1_1' title="bbox 576 1071 1058 1149; baseline -0.008 0"><span class='ocrx_word' id='word_1_1' title='bbox 576 1071 1058 1149; x_wconf 80' lang='lat' dir='ltr'><strong>PRAEFATIO</strong></span> 
     </span>
    </p>
   </div>
   <div class='ocr_carea' id='block_1_2' title="bbox 138 1375 1504 2679">
    <p class='ocr_par' dir='ltr' id='par_1_2' title="bbox 138 1375 1504 2679">
     <span class='ocr_line' id='line_1_2' title="bbox 230 1375 1501 1461; baseline -0.002 -19"><span class='ocrx_word' id='word_1_2' title='bbox 230 1376 313 1455; x_wconf 81' lang='lat' dir='ltr'>Quid</span> <span class='ocrx_word' id='word_1_3' title='bbox 342 1378 465 1443; x_wconf 88' lang='lat' dir='ltr'>consilii</span> <span class='ocrx_word' id='word_1_4' title='bbox 494 1384 622 1443; x_wconf 88' lang='lat' dir='ltr'>secutus</span> <span class='ocrx_word' id='word_1_5' title='bbox 656 1377 715 1442; x_wconf 91' lang='lat' dir='ltr'>sirn</span> <span class='ocrx_word' id='word_1_6' title='bbox 746 1379 778 1443; x_wconf 93' lang='lat' dir='ltr'>in</span> <span class='ocrx_word' id='word_1_7' title='bbox 812 1379 874 1443; x_wconf 85' lang='lat' dir='ltr'>hac</span> <span class='ocrx_word' id='word_1_8' title='bbox 901 1377 1043 1444; x_wconf 81' lang='lat' dir='ltr'>editione</span> <span class='ocrx_word' id='word_1_9' title='bbox 1070 1375 1214 1441; x_wconf 86' lang='lat' dir='ltr'>Philonis</span> <span class='ocrx_word' id='word_1_10' title='bbox 1238 1375 1308 1460; x_wconf 83' lang='grc' dir='ltr'>Περὶ</span> <span class='ocrx_word' id='word_1_11' title='bbox 1336 1376 1501 1461; x_wconf 77' lang='grc' dir='ltr'>ἀφθαρσίας</span> 
     </span>
     <span class='ocr_line' id='line_1_3' title="bbox 139 1512 1502 1596; baseline -0.001 -19"><span class='ocrx_word' id='word_1_12' title='bbox 139 1516 252 1595; x_wconf 75' lang='grc' dir='ltr'>κόσμου</span> <span class='ocrx_word' id='word_1_13' title='bbox 278 1514 381 1596; x_wconf 87' lang='lat' dir='ltr'>(quod</span> <span class='ocrx_word' id='word_1_14' title='bbox 403 1512 540 1579; x_wconf 90' lang='lat' dir='ltr'>barbare</span> <span class='ocrx_word' id='word_1_15' title='bbox 562 1514 659 1596; x_wconf 89' lang='lat' dir='ltr'>vulgo</span> <span class='ocrx_word' id='word_1_16' title='bbox 675 1521 804 1579; x_wconf 90' lang='lat' dir='ltr'>vertunt</span> <span class='ocrx_word' id='word_1_17' title='bbox 818 1514 869 1579; x_wconf 93' lang='lat' dir='ltr'>De</span> <span class='ocrx_word' id='word_1_18' title='bbox 888 1512 1189 1595; x_wconf 79' lang='lat' dir='ltr'>incorruptibilitate</span> <span class='ocrx_word' id='word_1_19' title='bbox 1212 1512 1337 1595; x_wconf 89' lang='lat' dir='ltr'>mundi)</span> <span class='ocrx_word' id='word_1_20' title='bbox 1351 1513 1502 1594; x_wconf 83' lang='lat' dir='ltr'>quoniam</span> 
     </span>
     <span class='ocr_line' id='line_1_4' title="bbox 140 1646 1502 1733; baseline -0.003 -19"><span class='ocrx_word' id='word_1_21' title='bbox 140 1649 219 1714; x_wconf 88' lang='lat' dir='ltr'>satis</span> <span class='ocrx_word' id='word_1_22' title='bbox 248 1648 368 1714; x_wconf 89' lang='lat' dir='ltr'>dictum</span> <span class='ocrx_word' id='word_1_23' title='bbox 396 1657 444 1715; x_wconf 89' lang='lat' dir='ltr'>est</span> <span class='ocrx_word' id='word_1_24' title='bbox 471 1649 504 1714; x_wconf 97' lang='lat' dir='ltr'>in</span> <span class='ocrx_word' id='word_1_25' title='bbox 528 1650 784 1733; x_wconf 85' lang='lat' dir='ltr'>Prolegomeuis‚</span> <span class='ocrx_word' id='word_1_26' title='bbox 812 1649 895 1716; x_wconf 89' lang='lat' dir='ltr'>haec</span> <span class='ocrx_word' id='word_1_27' title='bbox 923 1670 987 1714; x_wconf 90' lang='lat' dir='ltr'>una</span> <span class='ocrx_word' id='word_1_28' title='bbox 1014 1647 1089 1713; x_wconf 89' lang='lat' dir='ltr'>mihi</span> <span class='ocrx_word' id='word_1_29' title='bbox 1118 1647 1231 1713; x_wconf 92' lang='lat' dir='ltr'>relicta</span> <span class='ocrx_word' id='word_1_30' title='bbox 1257 1654 1306 1712; x_wconf 90' lang='lat' dir='ltr'>est</span> <span class='ocrx_word' id='word_1_31' title='bbox 1333 1646 1502 1730; x_wconf 82' lang='lat' dir='ltr'>praefandi</span> 
     </span>
     <span class='ocr_line' id='line_1_5' title="bbox 138 1780 1501 1868; baseline -0.001 -19"><span class='ocrx_word' id='word_1_32' title='bbox 138 1784 327 1861; x_wconf 79' lang='lat' dir='ltr'>necessitas,</span> <span class='ocrx_word' id='word_1_33' title='bbox 350 1793 385 1849; x_wconf 91' lang='lat' dir='ltr'>ut</span> <span class='ocrx_word' id='word_1_34' title='bbox 408 1784 610 1868; x_wconf 76' lang='lat' dir='ltr'>praeceptori</span> <span class='ocrx_word' id='word_1_35' title='bbox 634 1805 717 1866; x_wconf 83' lang='lat' dir='ltr'>meo,</span> <span class='ocrx_word' id='word_1_36' title='bbox 741 1784 1009 1851; x_wconf 89' lang='lat' dir='ltr'>cuiusbeneficiis</span> <span class='ocrx_word' id='word_1_37' title='bbox 1030 1784 1149 1849; x_wconf 88' lang='lat' dir='ltr'>facturn</span> <span class='ocrx_word' id='word_1_38' title='bbox 1165 1790 1264 1848; x_wconf 90' lang='lat' dir='ltr'>estut</span> <span class='ocrx_word' id='word_1_39' title='bbox 1281 1780 1364 1847; x_wconf 89' lang='lat' dir='ltr'>huuc</span> <span class='ocrx_word' id='word_1_40' title='bbox 1387 1783 1501 1847; x_wconf 90' lang='lat' dir='ltr'>librum</span> 
     </span>
     <span class='ocr_line' id='line_1_6' title="bbox 141 1917 1503 2005; baseline -0.002 -20"><span class='ocrx_word' id='word_1_41' title='bbox 141 1919 237 1986; x_wconf 89' lang='lat' dir='ltr'>edere</span> <span class='ocrx_word' id='word_1_42' title='bbox 260 1920 391 2005; x_wconf 87' lang='lat' dir='ltr'>possim,</span> <span class='ocrx_word' id='word_1_43' title='bbox 414 1920 597 1985; x_wconf 79' lang='lat' dir='ltr'>Hnauuuuo</span> <span class='ocrx_word' id='word_1_44' title='bbox 622 1921 775 1987; x_wconf 74' lang='lat' dir='ltr'>Drnrnsro</span> <span class='ocrx_word' id='word_1_45' title='bbox 804 1941 861 2004; x_wconf 92' lang='lat' dir='ltr'>pro</span> <span class='ocrx_word' id='word_1_46' title='bbox 885 1940 1011 1986; x_wconf 89' lang='lat' dir='ltr'>summa</span> <span class='ocrx_word' id='word_1_47' title='bbox 1032 1920 1066 1984; x_wconf 94' lang='lat' dir='ltr'>in</span> <span class='ocrx_word' id='word_1_48' title='bbox 1089 1940 1139 1984; x_wconf 90' lang='lat' dir='ltr'>me</span> <span class='ocrx_word' id='word_1_49' title='bbox 1162 1917 1390 1984; x_wconf 85' lang='lat' dir='ltr'>benevolentia</span> <span class='ocrx_word' id='word_1_50' title='bbox 1412 1918 1503 1984; x_wconf 80' lang='lat' dir='ltr'>mer-i·</span> 
     </span>
     <span class='ocr_line' id='line_1_7' title="bbox 139 2053 1503 2139; baseline -0.001 -19"><span class='ocrx_word' id='word_1_51' title='bbox 139 2060 191 2120; x_wconf 90' lang='lat' dir='ltr'>tas</span> <span class='ocrx_word' id='word_1_52' title='bbox 217 2056 407 2139; x_wconf 84' lang='lat' dir='ltr'>debitasque</span> <span class='ocrx_word' id='word_1_53' title='bbox 433 2056 555 2138; x_wconf 80' lang='lat' dir='ltr'>gratias</span> <span class='ocrx_word' id='word_1_54' title='bbox 589 2056 738 2121; x_wconf 85' lang='lat' dir='ltr'>reseram.</span> <span class='ocrx_word' id='word_1_55' title='bbox 794 2054 853 2134; x_wconf 82' lang='lat' dir='ltr'>Qui</span> <span class='ocrx_word' id='word_1_56' title='bbox 886 2055 1024 2120; x_wconf 89' lang='lat' dir='ltr'>Berclini</span> <span class='ocrx_word' id='word_1_57' title='bbox 1057 2053 1200 2120; x_wconf 91' lang='lat' dir='ltr'>versanti</span> <span class='ocrx_word' id='word_1_58' title='bbox 1234 2073 1299 2118; x_wconf 91' lang='lat' dir='ltr'>non</span> <span class='ocrx_word' id='word_1_59' title='bbox 1327 2054 1430 2118; x_wconf 90' lang='lat' dir='ltr'>solum</span> <span class='ocrx_word' id='word_1_60' title='bbox 1459 2055 1503 2119; x_wconf 84' lang='lat' dir='ltr'>ad</span> 
     </span>
     <span class='ocr_line' id='line_1_8' title="bbox 141 2188 1501 2276; baseline -0.001 -20"><span class='ocrx_word' id='word_1_61' title='bbox 141 2191 379 2275; x_wconf 86' lang='lat' dir='ltr'>suscipiendum</span> <span class='ocrx_word' id='word_1_62' title='bbox 403 2192 569 2276; x_wconf 90' lang='lat' dir='ltr'>hocopus</span> <span class='ocrx_word' id='word_1_63' title='bbox 595 2198 706 2256; x_wconf 81' lang='lat' dir='ltr'>auctor</span> <span class='ocrx_word' id='word_1_64' title='bbox 734 2190 811 2255; x_wconf 88' lang='lat' dir='ltr'>mihi</span> <span class='ocrx_word' id='word_1_65' title='bbox 838 2190 897 2256; x_wconf 84' lang='lat' dir='ltr'>suit</span> <span class='ocrx_word' id='word_1_66' title='bbox 924 2190 1140 2274; x_wconf 87' lang='lat' dir='ltr'>gravissimus,</span> <span class='ocrx_word' id='word_1_67' title='bbox 1168 2189 1226 2255; x_wconf 84' lang='lat' dir='ltr'>sed</span> <span class='ocrx_word' id='word_1_68' title='bbox 1253 2188 1285 2253; x_wconf 94' lang='lat' dir='ltr'>in</span> <span class='ocrx_word' id='word_1_69' title='bbox 1309 2188 1501 2272; x_wconf 87' lang='lat' dir='ltr'>perficiendo</span> 
     </span>
     <span class='ocr_line' id='line_1_9' title="bbox 141 2324 1504 2412; baseline -0.001 -20"><span class='ocrx_word' id='word_1_70' title='bbox 141 2348 268 2411; x_wconf 90' lang='lat' dir='ltr'>quoque</span> <span class='ocrx_word' id='word_1_71' title='bbox 290 2327 429 2393; x_wconf 87' lang='lat' dir='ltr'>monitor</span> <span class='ocrx_word' id='word_1_72' title='bbox 451 2326 717 2412; x_wconf 84' lang='lat' dir='ltr'>prudentissimus</span> <span class='ocrx_word' id='word_1_73' title='bbox 741 2335 773 2392; x_wconf 91' lang='lat' dir='ltr'>et</span> <span class='ocrx_word' id='word_1_74' title='bbox 792 2327 920 2392; x_wconf 90' lang='lat' dir='ltr'>adiutor·</span> <span class='ocrx_word' id='word_1_75' title='bbox 941 2325 1133 2391; x_wconf 79' lang='lat' dir='ltr'>indefessus.</span> <span class='ocrx_word' id='word_1_76' title='bbox 1180 2327 1227 2389; x_wconf 91' lang='lat' dir='ltr'>De</span> <span class='ocrx_word' id='word_1_77' title='bbox 1249 2324 1334 2389; x_wconf 86' lang='lat' dir='ltr'>illius</span> <span class='ocrx_word' id='word_1_78' title='bbox 1356 2325 1416 2389; x_wconf 85' lang='lat' dir='ltr'>viri</span> <span class='ocrx_word' id='word_1_79' title='bbox 1441 2345 1504 2391; x_wconf 89' lang='lat' dir='ltr'>me-</span> 
     </span>
     <span class='ocr_line' id='line_1_10' title="bbox 141 2459 1503 2546; baseline -0.001 -19"><span class='ocrx_word' id='word_1_80' title='bbox 141 2462 211 2527; x_wconf 88' lang='lat' dir='ltr'>ritis</span> <span class='ocrx_word' id='word_1_81' title='bbox 234 2462 321 2527; x_wconf 89' lang='lat' dir='ltr'>haud</span> <span class='ocrx_word' id='word_1_82' title='bbox 343 2470 431 2529; x_wconf 87' lang='lat' dir='ltr'>recte</span> <span class='ocrx_word' id='word_1_83' title='bbox 453 2462 616 2546; x_wconf 85' lang='lat' dir='ltr'>iudicabit,</span> <span class='ocrx_word' id='word_1_84' title='bbox 640 2462 694 2545; x_wconf 90' lang='lat' dir='ltr'>qui</span> <span class='ocrx_word' id='word_1_85' title='bbox 717 2482 757 2527; x_wconf 90' lang='lat' dir='ltr'>ea</span> <span class='ocrx_word' id='word_1_86' title='bbox 780 2469 904 2527; x_wconf 89' lang='lat' dir='ltr'>tanturn</span> <span class='ocrx_word' id='word_1_87' title='bbox 927 2461 959 2524; x_wconf 92' lang='lat' dir='ltr'>iu</span> <span class='ocrx_word' id='word_1_88' title='bbox 982 2480 1113 2525; x_wconf 86' lang='lat' dir='ltr'>censum</span> <span class='ocrx_word' id='word_1_89' title='bbox 1128 2459 1303 2541; x_wconf 81' lang='lat' dir='ltr'>vocaverit,</span> <span class='ocrx_word' id='word_1_90' title='bbox 1326 2481 1410 2542; x_wconf 86' lang='lat' dir='ltr'>quae</span> <span class='ocrx_word' id='word_1_91' title='bbox 1434 2461 1503 2526; x_wconf 88' lang='lat' dir='ltr'>eius</span> 
     </span>
     <span class='ocr_line' id='line_1_11' title="bbox 140 2593 1504 2679; baseline -0.003 -15"><span class='ocrx_word' id='word_1_92' title='bbox 140 2598 271 2664; x_wconf 89' lang='lat' dir='ltr'>nomine</span> <span class='ocrx_word' id='word_1_93' title='bbox 297 2596 483 2679; x_wconf 80' lang='lat' dir='ltr'>significavi.</span> <span class='ocrx_word' id='word_1_94' title='bbox 528 2597 611 2661; x_wconf 88' lang='lat' dir='ltr'>Nam</span> <span class='ocrx_word' id='word_1_95' title='bbox 635 2596 782 2678; x_wconf 87' lang='lat' dir='ltr'>quotiens</span> <span class='ocrx_word' id='word_1_96' title='bbox 809 2595 851 2659; x_wconf 92' lang='lat' dir='ltr'>ab</span> <span class='ocrx_word' id='word_1_97' title='bbox 879 2613 916 2659; x_wconf 94' lang='lat' dir='ltr'>eo</span> <span class='ocrx_word' id='word_1_98' title='bbox 944 2596 996 2659; x_wconf 91' lang='lat' dir='ltr'>vel</span> <span class='ocrx_word' id='word_1_99' title='bbox 1023 2593 1194 2659; x_wconf 87' lang='lat' dir='ltr'>deterritus</span> <span class='ocrx_word' id='word_1_100' title='bbox 1217 2614 1237 2658; x_wconf 88' lang='lat' dir='ltr'>a</span> <span class='ocrx_word' id='word_1_101' title='bbox 1264 2593 1355 2658; x_wconf 81' lang='lat' dir='ltr'>falsis</span> <span class='ocrx_word' id='word_1_102' title='bbox 1382 2596 1434 2660; x_wconf 82' lang='lat' dir='ltr'>vel</span> <span class='ocrx_word' id='word_1_103' title='bbox 1461 2595 1504 2659; x_wconf 84' lang='lat' dir='ltr'>ad</span> 
     </span>
    </p>
   </div>
   <div class='ocr_carea' id='block_1_3' title="bbox 141 2728 1081 2812">
    <p class='ocr_par' dir='ltr' id='par_1_3' title="bbox 141 2728 1081 2812">
     <span class='ocr_line' id='line_1_12' title="bbox 141 2728 1081 2812; baseline -0.005 -15"><span class='ocrx_word' id='word_1_104' title='bbox 141 2752 220 2798; x_wconf 88' lang='lat' dir='ltr'>vera</span> <span class='ocrx_word' id='word_1_105' title='bbox 242 2752 338 2797; x_wconf 90' lang='lat' dir='ltr'>manu</span> <span class='ocrx_word' id='word_1_106' title='bbox 361 2731 475 2795; x_wconf 83' lang='lat' dir='ltr'>ductus</span> <span class='ocrx_word' id='word_1_107' title='bbox 497 2729 567 2812; x_wconf 83' lang='lat' dir='ltr'>sirn,</span> <span class='ocrx_word' id='word_1_108' title='bbox 592 2730 699 2795; x_wconf 90' lang='lat' dir='ltr'>verbis</span> <span class='ocrx_word' id='word_1_109' title='bbox 722 2728 828 2811; x_wconf 85' lang='lat' dir='ltr'>eloqui</span> <span class='ocrx_word' id='word_1_110' title='bbox 853 2749 917 2794; x_wconf 92' lang='lat' dir='ltr'>non</span> <span class='ocrx_word' id='word_1_111' title='bbox 941 2749 1081 2812; x_wconf 85' lang='lat' dir='ltr'>possum.</span> 
     </span>
    </p>
   </div>
   <div class='ocr_carea' id='block_1_4' title="bbox 228 2914 1503 3000">
    <p class='ocr_par' dir='ltr' id='par_1_4' title="bbox 228 2914 1503 3000">
     <span class='ocr_line' id='line_1_13' title="bbox 228 2914 1503 3000; baseline -0.005 -15"><span class='ocrx_word' id='word_1_112' title='bbox 228 2920 333 2985; x_wconf 83' lang='lat' dir='ltr'>Etiam</span> <span class='ocrx_word' id='word_1_113' title='bbox 360 2919 516 2984; x_wconf 82' lang='lat' dir='ltr'>Enuunno</span> <span class='ocrx_word' id='word_1_114' title='bbox 547 2916 776 2993; x_wconf 82' lang='lat' dir='ltr'>Scuwunnzro,</span> <span class='ocrx_word' id='word_1_115' title='bbox 811 2916 984 3000; x_wconf 86' lang='lat' dir='ltr'>professori</span> <span class='ocrx_word' id='word_1_116' title='bbox 1007 2915 1229 2980; x_wconf 86' lang='lat' dir='ltr'>Rostochiensi</span> <span class='ocrx_word' id='word_1_117' title='bbox 1253 2915 1374 2997; x_wconf 84' lang='lat' dir='ltr'>gratias</span> <span class='ocrx_word' id='word_1_118' title='bbox 1401 2914 1503 2980; x_wconf 87' lang='lat' dir='ltr'>debeo</span> 
     </span>
    </p>
   </div>
   <div class='ocr_carea' id='block_1_5' title="bbox 142 3050 1502 3139">
    <p class='ocr_par' dir='ltr' id='par_1_5' title="bbox 142 3050 1502 3139">
     <span class='ocr_line' id='line_1_14' title="bbox 142 3050 1502 3139; baseline -0.006 -18"><span class='ocrx_word' id='word_1_119' title='bbox 142 3055 311 3139; x_wconf 78' lang='lat' dir='ltr'>maximas,</span> <span class='ocrx_word' id='word_1_120' title='bbox 334 3054 387 3137; x_wconf 89' lang='lat' dir='ltr'>qui</span> <span class='ocrx_word' id='word_1_121' title='bbox 410 3053 630 3119; x_wconf 88' lang='lat' dir='ltr'>intercedente</span> <span class='ocrx_word' id='word_1_122' title='bbox 654 3052 798 3118; x_wconf 89' lang='lat' dir='ltr'>Dielesio</span> <span class='ocrx_word' id='word_1_123' title='bbox 832 3052 976 3117; x_wconf 86' lang='lat' dir='ltr'>codicum</span> <span class='ocrx_word' id='word_1_124' title='bbox 1001 3051 1184 3116; x_wconf 88' lang='lat' dir='ltr'>Italicorum</span> <span class='ocrx_word' id='word_1_125' title='bbox 1213 3071 1233 3116; x_wconf 92' lang='lat' dir='ltr'>a</span> <span class='ocrx_word' id='word_1_126' title='bbox 1255 3072 1291 3116; x_wconf 88' lang='lat' dir='ltr'>se</span> <span class='ocrx_word' id='word_1_127' title='bbox 1314 3050 1502 3114; x_wconf 85' lang='lat' dir='ltr'>collatorum</span> 
     </span>
    </p>
   </div>
   <div class='ocr_carea' id='block_1_6' title="bbox 144 3186 1505 3275">
    <p class='ocr_par' dir='ltr' id='par_1_6' title="bbox 144 3186 1505 3275">
     <span class='ocr_line' id='line_1_15' title="bbox 144 3186 1505 3275; baseline -0.006 -19"><span class='ocrx_word' id='word_1_128' title='bbox 144 3212 235 3256; x_wconf 88' lang='lat' dir='ltr'>usum</span> <span class='ocrx_word' id='word_1_129' title='bbox 264 3189 460 3274; x_wconf 88' lang='lat' dir='ltr'>perbenigne</span> <span class='ocrx_word' id='word_1_130' title='bbox 487 3188 564 3252; x_wconf 90' lang='lat' dir='ltr'>mihi</span> <span class='ocrx_word' id='word_1_131' title='bbox 588 3189 759 3275; x_wconf 78' lang='lat' dir='ltr'>concessit3</span> <span class='ocrx_word' id='word_1_132' title='bbox 787 3208 847 3253; x_wconf 88' lang='lat' dir='ltr'>neo</span> <span class='ocrx_word' id='word_1_133' title='bbox 873 3188 978 3252; x_wconf 88' lang='lat' dir='ltr'>nriuus</span> <span class='ocrx_word' id='word_1_134' title='bbox 1001 3190 1109 3252; x_wconf 80' lang='lat' dir='ltr'>Puuuo</span> <span class='ocrx_word' id='word_1_135' title='bbox 1133 3187 1360 3251; x_wconf 80' lang='lat' dir='ltr'>Wnunnounro</span> <span class='ocrx_word' id='word_1_136' title='bbox 1386 3186 1505 3250; x_wconf 87' lang='lat' dir='ltr'>Beroii-</span> 
     </span>
    </p>
   </div>
   <div class='ocr_carea' id='block_1_7' title="bbox 144 3321 1504 3409">
    <p class='ocr_par' dir='ltr' id='par_1_7' title="bbox 144 3321 1504 3409">
     <span class='ocr_line' id='line_1_16' title="bbox 144 3321 1504 3409; baseline -0.006 -18"><span class='ocrx_word' id='word_1_137' title='bbox 144 3327 247 3409; x_wconf 84' lang='lat' dir='ltr'>nensi,</span> <span class='ocrx_word' id='word_1_138' title='bbox 270 3326 376 3391; x_wconf 81' lang='lat' dir='ltr'>futuro</span> <span class='ocrx_word' id='word_1_139' title='bbox 400 3324 546 3390; x_wconf 86' lang='lat' dir='ltr'>Philonis</span> <span class='ocrx_word' id='word_1_140' title='bbox 568 3325 692 3407; x_wconf 82' lang='lat' dir='ltr'>editori,</span> <span class='ocrx_word' id='word_1_141' title='bbox 726 3324 815 3389; x_wconf 90' lang='lat' dir='ltr'>cuius</span> <span class='ocrx_word' id='word_1_142' title='bbox 838 3321 981 3387; x_wconf 81' lang='lat' dir='ltr'>officiosa</span> <span class='ocrx_word' id='word_1_143' title='bbox 1003 3325 1154 3389; x_wconf 89' lang='lat' dir='ltr'>voluntas</span> <span class='ocrx_word' id='word_1_144' title='bbox 1177 3332 1209 3389; x_wconf 91' lang='lat' dir='ltr'>et</span> <span class='ocrx_word' id='word_1_145' title='bbox 1231 3323 1408 3387; x_wconf 86' lang='lat' dir='ltr'>studiorum</span> <span class='ocrx_word' id='word_1_146' title='bbox 1433 3321 1504 3384; x_wconf 91' lang='lat' dir='ltr'>Phi·</span> 
     </span>
    </p>
   </div>
   <div class='ocr_carea' id='block_1_8' title="bbox 142 3458 1191 3545">
    <p class='ocr_par' dir='ltr' id='par_1_8' title="bbox 142 3458 1191 3545">
     <span class='ocr_line' id='line_1_17' title="bbox 142 3458 1191 3545; baseline -0.005 -18"><span class='ocrx_word' id='word_1_147' title='bbox 142 3464 310 3528; x_wconf 89' lang='lat' dir='ltr'>loneorunr</span> <span class='ocrx_word' id='word_1_148' title='bbox 334 3461 449 3545; x_wconf 91' lang='lat' dir='ltr'>peritia</span> <span class='ocrx_word' id='word_1_149' title='bbox 472 3461 602 3543; x_wconf 90' lang='lat' dir='ltr'>egregio</span> <span class='ocrx_word' id='word_1_150' title='bbox 625 3460 702 3525; x_wconf 88' lang='lat' dir='ltr'>mihi</span> <span class='ocrx_word' id='word_1_151' title='bbox 726 3478 825 3541; x_wconf 87' lang='lat' dir='ltr'>saepe</span> <span class='ocrx_word' id='word_1_152' title='bbox 847 3458 976 3523; x_wconf 88' lang='lat' dir='ltr'>fuerunt</span> <span class='ocrx_word' id='word_1_153' title='bbox 997 3459 1191 3523; x_wconf 87' lang='lat' dir='ltr'>adiumento.</span> 
     </span>
    </p>
   </div>
   <div class='ocr_carea' id='block_1_9' title="bbox 230 3677 1065 3766">
    <p class='ocr_par' dir='ltr' id='par_1_9' title="bbox 230 3677 1065 3766">
     <span class='ocr_line' id='line_1_18' title="bbox 230 3677 1065 3766; baseline -0.007 -17"><span class='ocrx_word' id='word_1_154' title='bbox 230 3684 389 3766; x_wconf 87' lang='lat' dir='ltr'>Scriptum</span> <span class='ocrx_word' id='word_1_155' title='bbox 411 3683 533 3748; x_wconf 86' lang='lat' dir='ltr'>Romae</span> <span class='ocrx_word' id='word_1_156' title='bbox 556 3700 667 3745; x_wconf 91' lang='lat' dir='ltr'>mense</span> <span class='ocrx_word' id='word_1_157' title='bbox 690 3679 806 3743; x_wconf 88' lang='lat' dir='ltr'>Martio</span> <span class='ocrx_word' id='word_1_158' title='bbox 830 3677 1065 3744; x_wconf 82' lang='lat' dir='ltr'><strong>MDCOCXCI.</strong></span> 
     </span>
    </p>
   </div>
   <div class='ocr_carea' id='block_1_10' title="bbox 0 0 1774 5394">
    <p class='ocr_par' dir='ltr' id='par_1_10' title="bbox 0 0 1774 5394">
     <span class='ocr_line' id='line_1_19' title="bbox 0 0 1774 5394; baseline 0 0"><span class='ocrx_word' id='word_1_159' title='bbox 0 0 1774 5394; x_wconf 95' lang='lat' dir='ltr'> </span> 
     </span>
    </p>
   </div>
  </div>
 </body>
</html>
