3532 5394
200 316 268 356 mv
752 311 1009 365 Paenneennba

200 483 263 548 hoo
284 504 357 549 eum
380 485 498 549 multos
517 489 591 567 post
613 503 715 548 annos
737 485 929 568 respexisse,
952 504 1024 550 cum
1047 484 1253 567 pristinorum
1276 484 1454 549 studiorum
1478 484 1560 549 desi-

202 583 292 649 derio
316 592 428 668 captus
451 586 532 651 haee
554 584 708 651 scriberet
731 584 874 669 verba¹):
910 582 974 650 Ἤν
997 610 1067 650 ποτε
1089 586 1195 672 χρόνος
1216 586 1265 650 ὅτε
1280 587 1437 671 φιλοσοφίᾳ
1453 588 1560 671 σχολά-

202 690 259 756 ζων
286 688 344 750 καὶ
366 688 501 772 θεωρίᾳ
523 692 583 751 τοῦ
610 685 743 771 κόσμου
771 689 819 751 κοιλ
846 693 904 751 τῶν
926 689 957 750 ἐν
985 689 1068 772 αὐτῷ
1095 691 1144 752 τὸν
1170 690 1259 753 καλὸν
1286 690 1333 751 καὶ
1361 688 1559 772 περιπόθητον

202 789 251 851 καὶ
275 790 415 873 μακάριον
439 789 529 860 ὄντως
550 793 616 852 νοῦν
640 789 840 874 ἐκαρπούμην,
865 790 910 852 ἀεὶ
934 789 1024 859 θείοις
1045 792 1151 873 λογίοις
1174 791 1394 874 συγκινούμενος
1421 792 1469 854 καὶ
1497 789 1559 873 ὃόγ·

201 911 296 972 μασιν.
321 891 436 974 Itaque
453 911 553 975 opera
568 910 628 956 sua
641 891 835 974 philosopha
855 891 959 957 studio
975 891 1129 957 scientiae
1151 892 1301 958 incensus
1316 891 1409 956 Philo
1432 912 1560 976 compo·

201 992 274 1075 suit,
291 1013 351 1059 neo
363 994 509 1076 estquod
525 993 566 1059 de
581 992 689 1059 verbis
704 992 773 1058 eius
788 993 980 1059 dubitemus.
1007 995 1106 1059 Recte
1121 993 1259 1059 sortasse
1276 993 1416 1058 conicias
1431 1002 1558 1076 gratam

201 1094 437 1179 iucundamque
459 1096 489 1161 ei
505 1095 604 1161 fuisse
622 1095 822 1160 occasionem
839 1095 925 1179 apud
941 1096 1178 1162 Alexandrinos
1193 1095 1445 1178 demonstrandi,
1461 1115 1559 1178 qnan-

202 1204 268 1260 tum
291 1197 457 1263 doctrinae
479 1198 511 1261 in
528 1197 726 1263 Graecorum
751 1196 1015 1280 philosophorum
1038 1199 1157 1264 scholis
1179 1198 1326 1264 didicerit
1340 1207 1557 1281 quantumque

200 1298 234 1362 in
258 1298 332 1363 stilo
359 1300 403 1364 ad
424 1299 524 1364 attica
546 1299 745 1382 exemplaria
767 1297 997 1364 conformando
1026 1299 1197 1383 profecerit
1220 1301 1261 1383 is,
1289 1300 1341 1383 qui
1365 1320 1405 1364 ex
1428 1301 1558 1383 despec-

143 1460 149 1471 ,
200 1399 326 1465 tissima
348 1406 445 1483 gente
468 1406 500 1467 et
521 1406 611 1466 secta
634 1400 842 1465 harbarorum
866 1400 1141 1467 oriundns‘esset.
1191 1402 1255 1468 Sed
1284 1402 1368 1468 enim
1396 1404 1462 1467 tale
1496 1411 1559 1466 stu·

201 1502 290 1567 dium
307 1501 532 1569 ostentationis
547 1523 612 1568 non
628 1502 786 1587 prohibet,
810 1502 979 1585 quominus
994 1503 1120 1570 sincero
1135 1505 1282 1570 veritatis
1303 1523 1413 1569 amore
1428 1511 1556 1587 captum

201 1625 274 1671 eum
290 1625 361 1671 esse
377 1605 531 1671 dicamus.
565 1604 679 1689 Neque
701 1612 789 1671 recte
805 1604 976 1688 suspiceris
997 1605 1071 1670 ideo
1087 1625 1160 1671 eum
1181 1605 1406 1689 philosophiae
1420 1606 1507 1689 pelle
1523 1625 1558 1671 se

200 1707 353 1790 induisse,
377 1728 439 1789 quo
462 1707 590 1773 facilius
613 1708 760 1773 homines
782 1707 926 1773 alliceret
947 1707 1146 1789 allectosque
1168 1706 1210 1771 ad
1233 1707 1426 1772 Iudaeorum
1449 1706 1558 1771 furtim

200 1828 321 1874 areana
343 1810 543 1893 perduceret.
588 1810 687 1875 Mosis
710 1810 795 1876 enim
817 1809 918 1875 verba
940 1809 972 1872 in
994 1808 1077 1874 libro
1095 1808 1166 1893 Περὶ
1189 1809 1353 1893 ἀφθαρσίας
1376 1816 1407 1874 et
1430 1808 1462 1872 in
1486 1808 1559 1873 aliis

200 1911 295 1976 hrrius
318 1911 446 1994 generis
468 1931 533 1976 non
555 1918 710 1995 tanquam
734 1913 865 1976 oracula
887 1910 1023 1995 profana
1046 1911 1192 1976 doctrina
1213 1911 1341 1976 veriora
1362 1930 1402 1975 ac
1422 1911 1560 1977 certiora

200 2014 324 2097 laudat,
353 2013 411 2079 sed
439 2012 541 2079 obiter
568 2021 805 2096 commemorat,
839 2033 881 2079 ne
908 2013 978 2095 quis
1000 2011 1083 2077 forte
1105 2013 1260 2095 perfidiae
1293 2033 1329 2077 se
1353 2012 1479 2079 incuset
1506 2015 1559 2079 vel

200 2116 306 2200 ipsum
330 2115 494 2199 poeniteat
516 2116 601 2198 quod
624 2135 683 2180 sua
706 2117 803 2199 plane
825 2114 1016 2197 neglexerim
1039 2134 1098 2179 nec
1120 2111 1384 2198 philosophorum
1407 2115 1560 2196 dogmata

201 2217 386 2301 Scripturae
401 2237 515 2282 norma
536 2218 675 2301 metitur,
698 2218 755 2282 sed
771 2218 954 2301 Scripturas
969 2216 1070 2281 verba
1092 2223 1228 2298 torquet,
1244 2222 1280 2279 ut
1294 2215 1558 2299 philosophorum

201 2320 344 2403 dogmati
367 2320 563 2385 accomodet.
610 2318 702 2398 Quod
737 2320 813 2385 hino
846 2317 1024 2402 profectum
1058 2337 1130 2382 esse
1157 2316 1326 2382 Philonem
1354 2318 1560 2383 manifestum

200 2430 264 2506 est,
292 2422 379 2486 haud
407 2421 528 2485 minimi
556 2421 684 2487 ridetur
710 2421 861 2487 momenti
888 2420 931 2485 ad
958 2425 1067 2485 cetera
1100 2440 1226 2502 quoque
1259 2419 1328 2485 eius
1351 2440 1451 2503 opera
1474 2430 1561 2488 recte

201 2522 414 2589 aestimanda.
470 2522 554 2587 Nam
589 2529 704 2606 postea
730 2542 857 2606 quoque
880 2527 1036 2606 perpetuo
1059 2521 1165 2587 studio
1188 2521 1344 2603 Platonis,
1366 2522 1560 2608 Aristotelis,

202 2625 383 2691 Stoicorum
405 2624 526 2708 placita
549 2643 567 2689 e
589 2625 697 2691 verbis
719 2625 934 2709 Septuaginta
956 2641 1040 2705 quae
1061 2623 1176 2688 dicitnr
1196 2623 1354 2689 versionis
1370 2632 1561 2707 extorquere

201 2732 346 2808 conatur,
374 2734 406 2792 et
431 2746 472 2792 ne
501 2726 636 2810 intelligi
660 2726 788 2810 quidem
812 2733 936 2810 posset,
970 2746 1026 2791 cur
1058 2725 1154 2791 homo
1181 2725 1323 2808 alioquin
1352 2726 1496 2808 prudens
1529 2737 1562 2793 et

201 2829 387 2911 ingeniosus
420 2827 494 2892 huic
526 2835 592 2892 tam
626 2828 715 2893 irrito
750 2828 852 2894 labori
887 2835 986 2892 totam
1017 2827 1227 2911 impendisset
1261 2828 1369 2911 vitam,
1403 2827 1464 2892 nisi
1488 2849 1560 2893 eum

203 2931 336 2996 Graecis
358 2929 481 2995 artibus
504 2936 536 2995 et
558 2929 737 3013 disciplinis
759 2950 779 2995 a
803 2950 902 3014 puero
925 2930 1077 2994 nutritum
1101 2949 1183 2999 esse,
1207 2929 1365 2994 Graecam
1381 2929 1561 2996 doctrinam

202 3033 353 3098 invenem
376 3031 556 3098 excoluisse
579 3039 751 3097 constaret.
796 3035 934 3097 Tantum
957 3031 1054 3114 igitur
1076 3031 1179 3113 abest,
1204 3037 1239 3094 ut
1258 3050 1359 3113 opera
1379 3051 1438 3096 sua
1461 3033 1563 3115 philo-

204 3135 309 3218 sopha
330 3141 483 3216 tauquam
507 3133 617 3216 spuria
639 3142 671 3199 et
691 3134 860 3218 supposita
882 3133 946 3199 sint
962 3133 1134 3216 reicienda,
1159 3139 1192 3196 ut
1207 3131 1234 3196 si
1250 3151 1360 3196 eorum
1376 3135 1560 3199 memoriam

203 3243 295 3302 aetas
331 3235 556 3319 oblitterasset,
594 3234 764 3301 Philonem
801 3235 920 3301 talibus
954 3235 1068 3300 studiis
1101 3233 1285 3300 incubuisse
1317 3235 1562 3302 coniectandum

202 3519 548 3527 ——--—-—----
556 3517 604 3527 a.-

204 3639 379 3706 aggrediatur,
398 3644 507 3706 uterque
521 3639 616 3706 incipit
634 3654 650 3690 a
669 3641 803 3691 verborum
824 3638 987 3703 ‹letinitione,
1007 3638 1139 3705 Euripidis
1158 3644 1267 3705 uterque
1281 3654 1369 3690 versus
1383 3639 1471 3691 eodem
1486 3641 1563 3691 modo

204 3724 281 3775 iterat
300 3723 336 3791 [ll
355 3725 415 3789 les,
434 3724 507 3794 lbl],
527 3730 553 3777 ct
571 3727 677 3778 omnino
696 3729 723 3778 in
743 3726 895 3793 disputandi
914 3727 1014 3777 rationo
1033 3725 1177 3793 persimiles
1202 3729 1271 3776 scint.
1315 3724 1390 3787 Quod
1414 3725 1447 3776 ad
1466 3742 1562 3778 sermo-

204 3827 262 3862 nem
279 3813 392 3878 pertinet
410 3811 442 3863 σί.
464 3811 516 3863 ind.
536 3828 557 3863 s.
570 3829 594 3863 v,
608 3811 726 3883 ἀβίωτος,
744 3812 840 3881 διλογεῖν
859 3812 998 3874 ἀνένόοτος,
1017 3810 1183 3883 ἀνύπαρκτος,
1202 3811 1342 3880 decoctam,
1362 3812 1476 3883 dqopolro,
1492 3812 1563 3864 :et-›-

205 3897 296 3966 βόλως,
315 3898 404 3967 ζητίω,
424 3897 525 3968 κομιδῆ,
545 3904 720 3970 μακρηγορεῖν,
740 3899 822 3967 μέρος,
840 3904 931 3967 μῆκος,
951 3899 1062 3967 μήνυμα,
1080 3896 1229 3969 νομοθέτης,
1248 3897 1336 3966 ὀλίγος,
1362 3894 1456 3964 ὅμιλος,
1480 3898 1563 3965 όμοιό-

204 4002 305 4054 τροπος,
324 3984 390 4054 ὄρος,
409 3985 509 4056 πάσχω,
528 3985 615 4050 πίστις,
639 3985 860 4056 προσνπερβάλλω,
884 3994 995 4056 σημεῖον,
1020 3986 1124 4056 σφίγγω,
1148 3984 1276 4054 θοτερίζω,
1300 3982 1410 4057 χηρεόω.
1440 4015 1472 4022 -
1503 3987 1560 4038 Dia·

204 4072 292 4139 logum
307 4071 344 4122 De
356 4071 530 4139 providentia,
550 4088 624 4140 quem
639 4074 732 4125 itinere
751 4075 780 4125 in
792 4073 967 4127 Palaestinam
986 4077 1090 4140 peracto
1110 4071 1155 4140 [cl.
1175 4088 1255 4138 supra
1274 4088 1300 4139 p.
1313 4069 1351 4138 ιν]
1371 4072 1485 4139 scripsit,
1506 4075 1564 4126 sine

205 4158 284 4210 dubio
303 4160 368 4210 natu
386 4158 469 4209 maior
491 4160 638 4227 composuit
656 4159 740 4211 Philo.
778 4158 885 4211 Librum
905 4159 942 4211 De
959 4159 1117 4212 animalibus
1140 4163 1201 4225 post
1224 4156 1373 4210 Germanici
1399 4160 1563 4213 consulatum

209 4244 240 4295 17
259 4260 284 4311 p.
304 4243 331 4296 G.
351 4259 378 4295 n.
397 4245 548 4311 ponendum
567 4261 623 4297 esse
643 4249 745 4297 constat
764 4242 810 4311 [cl.
824 4261 845 4296 c.
860 4244 914 4312 27].

278 4329 298 4395 ¹)
318 4330 355 4382 lle
373 4346 443 4398 spec.
462 4331 512 4400 leg.
532 4331 568 4385 Ill
588 4331 610 4385 l.
