3532 5394
759 343 1014 396 Paousuounuu
1537 341 1568 380 ¹1

209 516 317 581 docuit
333 516 407 599 μήτε
422 520 470 582 τὸν
488 518 597 600 κόσμον
614 517 687 599 μήτε
702 518 753 598 τὴν
775 520 827 578 τοῦ
851 514 960 596 κόσμον
976 517 1075 599 ψυχὴν
1092 518 1150 579 τὸν
1172 517 1310 599 πρῶτον
1333 512 1422 575 εἶναι
1439 509 1565 589 θεόνῑ).

208 619 296 683 Haeo
321 638 401 685 saue
423 619 585 701 ambigua,
607 636 668 682 neo
694 616 840 700 praeeise
855 617 923 679 θεὸν
940 617 1043 700 ὁρατὸν
1066 617 1218 681 mundum
1233 614 1391 697 appellari
1415 613 1446 676 in
1464 612 1567 694 Serip-

207 727 298 785 turae
315 720 544 785 commentario
561 739 658 784 ausus
674 725 723 782 est
738 717 843 799 Philo,
866 737 908 782 ne
928 717 1011 783 forte
1027 719 1192 783 cuiusdam
1205 707 1347 781 veterum
1370 714 1562 778 ludaeorum

206 819 394 902 religionem
422 821 608 904 offenderet,
631 821 688 886 sed
711 820 773 884 bae
788 820 879 903 ipsae
894 819 1049 901 'ambages
1065 819 1247 902 opinionem
1270 818 1339 884 eius
1356 813 1563 899 patefaciunt.

291 923 361 986 Iam
387 922 430 987 ad
453 921 598 987 ultimum
622 920 791 1005 Beruaysii
817 930 1040 1004 argumentum
1063 921 1289 1004 procedamus,
1316 920 1347 983 iu
1375 939 1438 1002 quo
1465 916 1563 982 totius

207 1022 435 1107 disputationis
458 1024 550 1106 quasi
573 1024 670 1090 eardo
692 1031 850 1106 versatur,
872 1023 958 1106 quod
980 1030 1202 1105 argumentum
1225 1021 1344 1087 nonin
1371 1019 1562 1103 quibusdam

206 1125 351 1208 opuseuli
367 1125 461 1190 buius
484 1126 591 1191 verbis
612 1126 732 1201 nititur,
755 1124 813 1188 sed
835 1129 935 1188 totam
958 1125 1026 1190 eius
1042 1124 1307 1207 compositionem
1329 1128 1468 1206 spectat:
1491 1141 1562 1184 eum

206 1226 348 1291 dubitari
372 1247 436 1291 non
459 1227 571 1310 possit,
597 1227 673 1310 quin
697 1226 790 1292 Philo
818 1226 969 1290 mundum
993 1234 1135 1291 ereetum
1162 1224 1342 1307 crediderit,
1369 1223 1463 1288 buius
1490 1222 1561 1287 libri

206 1328 396 1411 seriptorem
430 1328 635 1394 Aristotelem
668 1334 811 1393 seoutum
839 1327 1063 1392 aeternitatem
1093 1328 1202 1392 mundi
1229 1324 1404 1391 defendere
1413 1325 1447 1406 ²).
1497 1325 1563 1390 Sed

205 1450 277 1494 eum
301 1429 400 1493 totius
423 1430 530 1513 operis
558 1430 646 1512 prior
668 1437 793 1494 tantum
815 1448 890 1513 pars
912 1428 954 1493 ad
982 1437 1123 1493 nostram
1146 1428 1330 1512 pervenerit
1362 1435 1502 1491 aetatem
1530 1432 1562 1491 et

205 1530 432 1615 disputationis
454 1533 616 1598 eonolusio
640 1532 848 1614 desideretur,
871 1530 1012 1595 maxima
1034 1531 1183 1597 rautione
1198 1530 1350 1595 utendum
1373 1535 1422 1593 est
1444 1528 1476 1591 in
1492 1547 1564 1591 aue·

204 1634 283 1699 toris
313 1634 440 1716 plaeitis
468 1634 692 1716 diiudicandis,
716 1641 748 1698 et
780 1652 851 1697 eum
884 1633 1171 1716 Peripateticorum
1205 1630 1397 1697 senteutiam
1432 1650 1494 1694 non
1529 1636 1563 1692 ut

204 1754 295 1800 suam
312 1735 371 1800 sed
392 1743 426 1799 ut
443 1736 585 1818 priorum
601 1734 866 1819 pbilosophorum
890 1741 1044 1817 patronus
1072 1742 1209 1817 tueatur,
1232 1752 1339 1798 nonne
1362 1751 1433 1796 eam
1455 1731 1487 1794 in
1511 1730 1563 1795 de-

204 1837 331 1920 perdita
353 1836 410 1901 illa
428 1838 534 1920 operis
556 1845 649 1920 parte
671 1836 725 1901 ubi
740 1842 932 1917 argumenta
954 1836 1115 1900 contraria
1137 1836 1320 1919 prolaturus
1343 1841 1413 1898 erat
1437 1828 1559 1917 [trull

204 1943 261 2003 aut
290 1938 419 2003 omuino
453 1948 510 2004 aut
535 1939 652 2023 partim
685 1937 832 2003 refellere
865 1936 990 2019 potuit?
1032 1939 1082 2001 An
1116 1938 1228 2020 verba,
1267 1936 1382 2020 quibus
1414 1941 1563 1999 auctores

204 2039 356 2103 mundum
385 2060 512 2124 semper
541 2039 703 2105 exstitisse
730 2039 946 2120 affirmabant,
980 2038 1129 2103 socordia
1155 2038 1279 2103 intaeta
1305 2036 1442 2119 reliquit,
1470 2035 1561 2118 quasi

203 2140 246 2204 ad
258 2140 457 2223 propositum
473 2161 539 2205 non
555 2141 762 2225 pertinerent,
786 2159 857 2204 eum
879 2142 1044 2225 ἀφθαρσίαν
1060 2147 1184 2204 tantum
1199 2135 1421 2205 demonstrare
1443 2138 1562 2201 vellet?

204 2240 269 2308 Sed
293 2240 486 2306 oonieeturis
513 2241 755 2326 abstinendum,
789 2243 903 2307 librum
937 2243 989 2325 qui
1023 2250 1171 2325 superest
1197 2240 1376 2307 aeeuratius
1403 2242 1561 2322 legamus3

203 2343 342 2409 sortasse
364 2362 477 2409 eruere
501 2345 685 2426 poterimus,
709 2365 765 2410 eur
787 2344 880 2410 Pbilo
903 2344 1134 2410 aristotelicum
1167 2344 1209 2409 de
1236 2342 1429 2409 aeternitate
1453 2341 1561 2405 muudi

203 2444 322 2527 dogma
344 2445 426 2510 tueri
448 2444 606 2512 rideatur.

290 2546 457 2631 Bernaysii
480 2546 730 2631 propositionem
743 2548 936 2614 oonoedam:
958 2567 976 2613 e
999 2548 1133 2624 ratione,
1155 2566 1219 2630 qua
1242 2547 1377 2611 traditas
1393 2546 1562 2630 opiniones

203 2648 353 2732 conectit,
378 2656 515 2732 apparet
543 2649 784 2732 compilatorem
812 2649 918 2733 ipsum
940 2669 1050 2714 earum
1073 2649 1231 2713 fautorem
1260 2647 1374 2730 (κενοί),
1409 2649 1561 2713 mundum

197 2749 432 2833 'sempiternum
455 2771 527 2816 esse
550 2751 696 2816 eredidit.
747 2753 797 2816 De
831 2751 911 2815 libro
939 2751 1035 2833 igitur
1060 2758 1168 2814 aetum
1194 2752 1265 2815 est?
1310 2750 1404 2815 Philo
1432 2750 1560 2833 quidem

278 2989 297 3053 ¹)
316 2987 354 3040 ut.
374 2989 405 3040 de
424 2988 512 3041 decem
532 3004 600 3040 orae.
621 2989 652 3039 12>
676 2990 711 3055 (ll
734 2990 803 3056 189),
827 2991 873 3043 ubi
902 3005 945 3043 eos
973 2991 1018 3057 qui
1049 2988 1174 3041 mundum
1202 2989 1277 3041 deum
1302 2988 1418 3041 fecerunt
1445 2987 1560 3040 eiusdem

204 3076 299 3127 erroris
318 3076 405 3143 arguit
423 3080 501 3143 atque
519 3081 646 3127 astrorum
666 3076 778 3129 cultores
799 3093 834 3130 se.
853 3078 922 3146 quud
940 3076 984 3129 τὸν
1003 3077 1127 3129 ἀνωτάτω
1145 3077 1188 3128 καλ
1207 3074 1374 3145 πρεσβότατον
1389 3073 1468 3140 (θεόν)
1488 3091 1561 3143 παρε-

205 3158 352 3229 saltuosa
371 3178 429 3214 curu
449 3162 527 3233 μηδὲν
541 3168 592 3214 τῶν
605 3167 650 3214 τοῶ
664 3164 762 3231 κόσμου
775 3170 860 3235 μερῶν
873 3164 1025 3234 αὐτοκρατές
1038 3167 1080 3216 sit.
1117 3164 1160 3216 Sio
1173 3164 1211 3216 De
1224 3163 1291 3215 conf.
1305 3162 1387 3231 lingu.
1399 3163 1432 3215 34
1452 3160 1560 3228 (1431),

204 3247 242 3298 De
259 3248 355 3300 Abrah.
378 3250 408 3301 lti
430 3250 461 3313 (ll
486 3249 543 3314 lt),
571 3248 732 3314 18(1114).
761 3279 793 3287 —
822 3251 936 3303 Tantum
957 3252 989 3303 ab
1008 3252 1116 3318 antiqua
1134 3250 1286 3302 ludaeorum
1305 3249 1337 3301 de
1357 3250 1410 3302 Deo
1438 3250 1561 3317 opinione

203 3334 278 3386 abest
296 3335 380 3399 Pbilu,
408 3340 438 3388 ut
457 3338 575 3389 bomiuea
595 3353 678 3404 paene
697 3337 758 3389 deos
778 3338 874 3390 dixerit
894 3339 930 3390 De
949 3337 1036 3389 decem
1056 3353 1123 3389 oruc.
1138 3337 1170 3387 ⁶23
1198 3339 1232 3403 (ll
1247 3336 1310 3402 201)
1329 3334 1388 3389 Τῶν
1408 3333 1432 3388 δ’
1456 3334 1559 3388 εὐτολ-

204 3422 347 3490 μοτέρων
366 3422 580 3491 ἀποσεμνύνοντες
602 3424 632 3476 τό
655 3423 748 3493 γονέων
772 3422 851 3492 ὄνομα
870 3425 930 3493 φασί
953 3442 1016 3482 τινες
1035 3423 1070 3481 ὡς
1094 3424 1141 3492 ἄρα
1160 3424 1243 3492 πατὴρ
1269 3425 1312 3475 καλ
1335 3425 1418 3492 μήτηρ
1443 3423 1560 3490 ἐμφανεῖς

204 3507 249 3560 τίσι
268 3505 329 3572 θεοί,
349 3508 497 3577 μιμοθμενοι
517 3511 560 3563 τὸν
579 3512 715 3581 ἀγέννητον
734 3511 760 3562 έν
779 3510 818 3579 τῷ
836 3509 1014 3579 έῳοτλαστεῑν,
1034 3510 1097 3562 ἀλλὰ
1114 3511 1156 3562 τὸν
1175 3516 1220 3578 μὲν
1234 3512 1294 3563 εἶναι
1312 3515 1357 3562 τοῦ
1376 3511 1473 3577 κόσμου
1492 3509 1559 3572 θεόν,

203 3595 262 3651 τοὺς
280 3594 306 3646 δέ
325 3596 411 3663 μόνων
430 3597 466 3648 ῶν
485 3598 627 3666 ἐγέννησαν.
664 3598 701 3650 Gi.
721 3600 797 3650 etiarn
819 3598 901 3650 Zeller
921 3599 959 3651 V³
978 3597 1029 3650 345
1048 3615 1074 3648 n.
1094 3598 1118 3648 5.

275 3681 296 3746 ⁷)
319 3683 389 3743 4,14
406 3680 576 3754 Ἀριστοτέλης
593 3685 619 3736 δέ
639 3681 735 3754 μήποτ’
762 3684 871 3754 εὐσεβῶς
889 3687 932 3736 καὶ
955 3685 1031 3741 ὁσίως
1049 3685 1206 3750 ἐνιστάμενος
1227 3684 1346 3753 ἀγένητον
1369 3685 1412 3736 καὶ
1430 3683 1559 3753 ἄφθαρτον

204 3768 251 3836 ἔφη
277 3768 321 3819 τὸν
344 3769 447 3837 κόσμον.
484 3772 535 3834 aa
558 3770 616 3828 τοὺς
639 3771 664 3822 δέ
688 3771 807 3839 ἀγένητον
831 3772 874 3823 καὶ
898 3770 1026 3843 ἄφθαρτον
1051 3772 1283 3831 κατασκευάζοντας
1305 3770 1393 3840 λόγους
1417 3772 1491 3823 ἕνεκα
1515 3776 1560 3840 τῆς

203 3854 264 3923 πρὸς
281 3856 325 3908 τόν
344 3855 434 3925 ὁρατόν
453 3856 512 3909 θεὸν
531 3857 615 3914 atio-‘rc
634 3859 768 3927 προτέρους
785 3860 901 3910 τακτέον.

274 3942 296 4007 ³)
316 3943 397 4006 24,lb
425 3944 544 4013 ἀγένητος
566 3943 609 3994 καὶ
632 3943 811 4014 ἄφθαρτος...
838 3944 964 4013 όκόσμος
983 3945 1078 4014 αἰωνίῳ
1102 3945 1266 4014 συνεχόμενος
1284 3946 1328 3997 καὶ
1352 3945 1558 4014 διακρατοόμενος

203 4027 296 4096 δεσμῷ.
317 4058 347 4066 -
368 4027 521 4099 Νικηθέντες
540 4028 562 4080 δ’
581 4029 629 4082 irad
647 4034 694 4100 τῆς
711 4029 830 4102 ἀληθείας
853 4033 895 4084 καὶ
918 4037 970 4083 τῶν
989 4030 1185 4092 άντιθοξοὺντων
1208 4032 1268 4084 ἔνιοι
1286 4033 1463 4101 μετεβάλοντο·
1488 4049 1559 4103 προς-

203 4113 328 4185 κλητικὴν
347 4117 393 4184 γάρ
412 4117 465 4188 ἔχει
484 4115 586 4183 θΰνοιμιν
604 4116 633 4168 τὸ
652 4115 752 4183 κάλλος,
776 4117 803 4170 τὸ
822 4116 841 4169 δ’
863 4118 956 4188 ἀληθές
974 4117 1108 4186 δαιμονίως
1127 4119 1177 4171 ἐστὶ
1198 4119 1288 4182 καλόν;
1306 4119 1338 4171 cf.
1352 4119 1416 4182 24,6
1435 4119 1510 4188 ἦττον
1529 4118 1558 4170 ἂν

202 4199 321 4269 pitseum
341 4201 405 4265 325)
424 4202 459 4271 μὴ
478 4202 541 4272 πέρα
559 4206 604 4254 τοῦ
624 4204 724 4273 μετρίου
742 4202 878 4273 φιλονικεῖν
896 4206 1070 4274 αίρουμένους;
1090 4205 1171 4272 32,17
1190 4213 1242 4262 τοῖς
1261 4204 1421 4277 ίχνηλατοῶσι
1438 4202 1559 4276 τάληθέςς

202 4286 285 4352 32,·26
304 4286 339 4345 oie
357 4287 536 4361 ἀπελέγγονται
555 4288 770 4357 ψευδοδοξοῠντες.
807 4291 906 4352 Quibus
926 4292 1061 4344 Philonem
1081 4293 1196 4361 dogmati
1221 4291 1360 4362 ἀφθαρσίας
1376 4296 1478 4343 tantum
1497 4294 1558 4343 sub-

203 4375 317 4426 scribere
340 4374 454 4426 voluisse
472 4376 593 4428 contendi
619 4391 672 4428 uon
692 4381 789 4443 potest,
812 4393 866 4430 nou
884 4378 968 4431 solum
992 4380 1054 4447 quia
1073 4380 1135 4431 lorr.
1156 4380 1210 4430 citt.
1231 4376 1558 4445 [tt‚16-‘20.3t‚5-15

201 4459 234 4511 of.
247 4475 327 4527 supra
345 4476 372 4511 u.
386 4460 414 4528 ⁶2]
433 4461 464 4513 de
488 4463 641 4514 aeternitate
661 4465 797 4530 perspicue
816 4463 938 4532 loquitur,
965 4465 1010 4518 sed
1030 4468 1091 4532 quia
1110 4466 1238 4534 quidquid
1256 4466 1361 4517 initium
1382 4466 1473 4516 babuit
1491 4466 1559 4532 peri-

201 4557 289 4598 turum
309 4562 365 4599 esse
384 4548 504 4600 credebat
523 4546 600 4615 [9‚‘20
617 4565 671 4616 seq.
690 4549 722 4601 rt.
742 4550 824 4613 2218
843 4551 963 4623 ἀγένητος
981 4550 1046 4603 ὥστε
1066 4550 1213 4623 ἄφθαρτος]
