3532 5394
642 347 722 405 πτνι
743 346 935 404 memmii
954 366 976 415 c·
992 349 1091 403 10-11
1485 336 1537 410 ἰι

247 524 389 604 κινήσεως
411 524 457 585 καὶ
481 528 532 606 τῆς
555 527 605 585 τοῦ
628 523 733 591 παντὸς
755 522 877 605 οὑρανοὺ
900 527 1074 607 περιφορᾶς·
1103 519 1172 586 ὥστ’
1194 520 1361 607 εὑθυβόλως
1384 517 1486 582 ἀποδε-
1513 534 1527 575 e

251 624 355 687 δόσθαι
378 626 449 708 πρὸς
471 628 527 686 τῶν
551 623 701 687 εἰωθότων
724 624 760 686 τὰ
781 626 934 708 πράγματα
965 624 1112 708 ὁρίζεσθαι
1138 623 1242 709 χρόνον
1270 624 1413 705 διάστημα
1440 625 1491 703 τῆς

250 732 299 789 τοὺ
322 727 432 809 κόσμου
455 728 604 810 κινήσεως.
638 725 701 788 ἐπεὶ
724 726 756 788 δὲ
778 726 860 789 τοῦθ’
882 727 959 808 ὑγιές
987 727 1056 800 ἐστι,
1083 727 1188 809 γίνεται
1216 727 1232 788 ὑ
1259 724 1367 807 κόσμος
1395 720 1487 806 ίσῆλιΕ

249 834 300 892 τοὺ
322 829 429 914 χρόνου
450 831 498 892 καὶ
520 829 618 897 αἴτιος.
664 829 778 891 πάντων
795 827 819 892 δ’
838 831 1024 893 ἀτοπώτατον
1040 828 1172 891 ὑπονοεῖν
1186 827 1229 891 ότι
1245 827 1280 912 ῆν
1296 850 1365 890 ποτε
1379 825 1488 908 κόσμος

217 932 336 1014 πῆνίκα
359 932 411 994 οὑκ
433 931 468 1015 ῆν
491 931 609 1016 χρόνος·
633 930 759 1014 ἄναρχος
781 932 835 1015 γάρ
857 933 906 995 καὶ
928 931 1118 1014 ἀτελεὺτητος
1139 933 1158 1014 η
1182 931 1282 993 τούτου
1310 929 1404 1014 φύσις,
1426 927 1489 990 ἐπεὶ

249 1036 296 1097 καὶ
316 1034 390 1097 αὑτά
412 1038 510 1106 ταῦτα,
533 1035 565 1096 τό
582 1031 628 1116 ῆν,
651 1034 683 1095 τό
706 1033 786 1108 ποτέ,
810 1035 842 1097 τδ
865 1035 961 1118 ῆνίκα,
984 1032 1089 1118 χρόνον
1113 1034 1309 1118 συνεμφαίνει.
1346 1030 1440 1114 τοὺτιρ
1460 1026 1485 1092 δ’

251 1137 422 1207 ἀκόλουθον,
445 1138 478 1199 τδ
501 1137 576 1218 μηδὲ
597 1134 702 1220 χρόνον
721 1135 725 1220 l
745 1136 902 1219 ὑποστῆναι
923 1134 991 1198 καθ’
1010 1137 1110 1200 ἑαυτὸν
1128 1139 1213 1221 ῆνίκα
1235 1135 1343 1218 κόσμος
1365 1132 1417 1197 οὐκ
1438 1145 1546 1199 eezinu.

250 1239 296 1323 ῆν.
340 1241 373 1302 τό
395 1239 448 1322 γάρ
472 1239 513 1320 μὴ
536 1239 668 1322 ὑποίρχον
697 1239 766 1301 οὐδὲ
793 1243 925 1301 κινεῖται·
956 1239 1101 1321 διάστημα
1122 1239 1155 1301 δὲ
1181 1244 1323 1322 κοσμικῆς
1350 1237 1491 1321 κινήσεως
1506 1251 1531 1293 ¹1

252 1343 372 1426 ἐδείχθη
396 1343 411 1403 ό
428 1341 532 1426 χρόνος
555 1342 605 1404 ὤν.
644 1342 754 1425 ἀνάγκη
770 1342 861 1404 τοίνυν
877 1342 1012 1426 ἑκάτερον
1028 1343 1058 1411 ἐξ
1073 1344 1164 1405 ἀιδίου
1182 1342 1337 1425 ὑφεστάναι
1353 1339 1490 1422 γενέσεως

200 1466 232 1512 ιο
250 1446 345 1529 ἀρχὴν
369 1446 408 1526 μὴ
432 1445 565 1529 λαβόντα.
588 1444 624 1506 τόι
647 1443 673 1506 δ’
706 1445 783 1506 ἀίδια
811 1446 924 1529 ιρθορᾶς
952 1445 1130 1507 ἀνεπίδεκτα.
1176 1446 1252 1530 τοίχα
1279 1468 1319 1513 τις
1347 1444 1491 1528 εὑρησιλο·

249 1553 308 1628 γῶν
336 1547 463 1615 Στωικὸς
489 1547 560 1630 ἐρεῖ,
587 1549 635 1609 τόν
659 1547 764 1631 χρόνον
788 1547 995 1631 ἀποδεδόξσθαι
1026 1548 1171 1631 διάστημα
1198 1552 1250 1631 τῆς
1271 1550 1322 1609 τοὺ
1344 1544 1454 1629 κόσμου
1475 1561 1547 1606 1393.

251 1651 392 1731 κινήσεως
419 1650 486 1733 οὐχὶ
513 1655 563 1711 τοὺ
591 1651 650 1712 νυνὶ
678 1649 947 1734 διακεκοσμημένου
979 1648 1065 1732 μόνον
1094 1651 1169 1714 ἀλλὰ
1190 1650 1239 1713 καῖ
1266 1652 1317 1711 τοὺ
1343 1649 1416 1711 κατὰ
1443 1650 1494 1732 τῆν

254 1753 415 1836 ἐκπύρωσιν
444 1752 668 1834 ὑπονοουμένου.
722 1753 794 1836 πρὸς
820 1752 852 1815 ὃν
881 1752 1011 1815 λεκτέον·
1041 1750 1108 1835 ζτήν
1135 1752 1285 1834 ἀκοσμίαν,
1321 1753 1345 1814 ὦ
1372 1757 1493 1833 γενναῖε,

254 1855 416 1935 μετατιθεὶς
438 1854 473 1916 τά
496 1853 623 1937 ὀνόματα
650 1854 759 1938 κόσμον
788 1858 893 1924 καλεῖς.
938 1855 964 1918 εἰ
991 1855 1044 1939 γὰρ
1073 1853 1155 1924 οὑτος
1183 1853 1214 1915 ὃν
1244 1855 1357 1937 ὁρῶμεν
1384 1855 1496 1938 ἐτὺμως

203 1977 231 2025 15
251 1960 298 2020 καὶ
327 1955 546 2040 προσφοέστατοι
579 1956 688 2040 κόσμος
717 1958 869 2040 κέκληται,
902 1956 1121 2039 διατεταγμένος
1152 1958 1198 2019 καὶ
1227 1957 1494 2040 διακεκοσμημένος

253 2061 494 2143 ἀνεπανορθώτου
517 2059 623 2144 τέχνης
642 2060 790 2144 ἀκρότητι,
812 2064 864 2144 τῆν
885 2062 956 2144 πρδς
970 2062 1002 2123 τδ
1019 2064 1074 2143 πῦρ
1090 2059 1177 2123 αὐτοῦ
1194 2060 1355 2144 μεταβολὴν
1371 2058 1494 2129 δεόντως
1520 2077 1534 2119 e

252 2163 286 2227 ἀν
308 2187 349 2231 τις
372 2162 513 2244 ἀκοσμίαν
536 2161 693 2244 δνομοίσαι]

338 2266 387 2328 11.
442 2262 600 2346 Κριτόλαος
628 2267 659 2328 δὲ
687 2272 744 2329 τῶν
777 2268 993 2352 κεχορευκότων
1021 2265 1161 2340 Μούσαις,
1190 2270 1241 2348 τῆς
1266 2264 1495 2352 Περιπατητικῆς

250 2369 373 2453 ἐραστὴς
401 2368 581 2451 φιλοσοφίας,
616 2374 657 2452 τῷ
693 2371 757 2452 περὶ
785 2375 836 2453 τῆς
864 2371 1026 2454 ἀιδιότητος
1058 2369 1168 2452 κόσμου
1203 2367 1323 2451 δόγματι
1356 2374 1498 2434 συνειπὼν

202 2647 212 2696 1
235 2646 341 2714 καὶτῆς
360 2645 449 2696 1ῬΜι
478 2645 520 2695 καὶ
539 2643 578 2694 ἐπὶ
596 2648 642 2713 τῆς
660 2648 694 2696 L:
723 2645 766 2696 καὶ
784 2643 820 2696 ἔτι
838 2648 884 2714 τῆς
902 2644 1027 2711 Βοτοογε,
1050 2644 1095 2697 sed
1115 2645 1155 2697 έπλ
1173 2649 1212 2698 est
1230 2647 1302 2698 varie
1320 2645 1396 2698 lectio
1415 2648 1508 2716 prioris
1527 2648 1552 2701 δέ

200 2751 231 2795 τι,
251 2731 350 2784 cluet,
372 2731 451 2796 1623
558 2732 638 2801 3τῆς
656 2731 751 2800 κόσμου
770 2735 821 2785 ΡΜ
928 2733 981 2784 ἐπεὶ
1000 2731 1025 2783 δὲ
1044 2736 1104 2783 LV:
1127 2732 1211 2785 ἔπειτα
1229 2738 1280 2787 PM
1386 2733 1476 2804 ἀπῆλιξ
1494 2740 1523 2788 Μ

201 2821 217 2870 ό
236 2819 262 2870 δὲ
282 2819 446 2871 ἀτοπώτατον
460 2824 481 2871 L
591 2837 650 2871 ποτε
669 2817 723 2871 em
829 2820 883 2872 4.5
903 2819 996 2888 κόσμος
1014 2820 1089 2890 ἡνίκα
1107 2819 1154 2872 οὑκ
1171 2820 1203 2891 ῆν
1215 2823 1305 2893 χρόνος
1317 2821 1446 2890 Berneys:
1464 2824 1554 2897 χρόνος

201 2906 275 2975 ῆνίκα
294 2906 341 2958 οὑκ
359 2907 390 2976 ῆν
410 2908 504 2975 κόσμος
522 2909 580 2960 libri
692 2908 777 2979 ὁγὰρ
796 2908 851 2972 καὶ]
870 2908 913 2959 καὶ
931 2908 977 2979 γάρ
999 2912 1022 2959 V
1128 2908 1208 2980 erp]
1227 2909 1243 2980 ῆ
1263 2914 1309 2963 Μ’
1397 2911 1553 2981 συνεμφαίνει

202 2998 248 3046 LV
268 2994 299 3045 ci.
317 2995 354 3058 16,
362 2994 395 3047 23
414 2994 517 3054 έδιιξανι
537 2995 675 3065 συνοροίνει
694 3000 744 3049 ΡΜ
850 2996 900 3048 61
920 2995 946 3046 δὲ
965 2994 1105 3049 ἀκόλουθον
1123 3001 1144 3049 L
1244 2998 1260 3050 8
1278 3002 1397 3069 χρονικῆς
1416 2999 1453 3066 (in
1472 3017 1552 3069 marg.

202 3082 337 3152 κοσμικῆς)
357 3087 376 3134 Ρ
484 3084 499 3135 θ
518 3082 647 3152 ὑριστάνοιι
666 3087 694 3135 Μ
802 3085 834 3137 10
853 3083 872 3135 δ’
893 3083 958 3136 ἀίδια
970 3084 1066 3155 φθορᾶς
1084 3085 1211 3152 Berneys:
1230 3085 1256 3138 δέ
1276 3086 1411 3158 διαφθορᾶς
1429 3087 1488 3140 libri

206 3169 244 3221 10.
267 3170 295 3220 11
326 3168 492 3240 εὑρησιλογῶν
511 3175 532 3223 L
551 3178 576 3222 et
594 3176 624 3223 ut
641 3172 692 3222 vid.
712 3176 745 3224 P:
766 3170 927 3242 εὑρισιλόγων
946 3173 1006 3239 (sic)
1027 3176 1063 3225 V:
1083 3171 1181 3244 εὑρήσει
1198 3172 1279 3242 λόγων
1298 3178 1327 3226 Μ
1445 3175 1476 3227 12
1502 3177 1554 3228 νινὶ

202 3257 433 3328 διακεκοσμημένον
452 3259 579 3325 Bernays:
599 3263 641 3309 νῦν
661 3257 709 3329 erp
728 3261 919 3331 κεκοσμημένου
939 3260 998 3313 libri
1072 3260 1103 3313 13
1122 3259 1306 3329 ὑπονοουμένου
1325 3266 1358 3315 L:
1377 3262 1554 3330 έπινοουμένου

204 3348 280 3396 1·ῬΜ
387 3346 493 3410 ἑτοίμως
512 3349 562 3398 ΡΜ
672 3346 702 3397 16
722 3344 932 3418 ἀνεπανορθιὺτου
950 3346 1007 3399 coll.
1029 3345 1110 3410 13,20
1129 3348 1280 3400 Buecheler:
1300 3344 1338 3400 ἅτ’
1359 3348 1395 3401 ἐπ’
1417 3346 1553 3421 ἀνθρώπου

203 3431 274 3484 libri:
295 3430 333 3483 ἅτ’
348 3432 392 3484 ἀπ’
410 3432 543 3504 ἀνθρώπου
555 3433 681 3486 Τυτιιοδῖι
702 3432 873 3505 ἀπανθρώπου
892 3433 947 3501 (όίτε
960 3440 1021 3486 ente
1033 3433 1347 3504 διατεταγμλτιιυεμοεὶῖο)
1366 3436 1490 3504 Βοτιιεγε,
1509 3439 1555 3506 qui

204 3526 290 3570 lamen
309 3520 365 3587 ipse
384 3522 502 3573 observat
520 3522 548 3572 in
562 3526 698 3574 comment.
719 3522 886 3591 ἀπάνθρωπος
903 3537 1016 3584 sensum,
1036 3536 1086 3589 quo
1105 3523 1147 3574 hic
1166 3529 1340 3591 usurparetur,
1359 3540 1411 3578 non
1431 3526 1524 3578 habere

203 3607 265 3678 πρὸς
282 3606 311 3659 τὸ
330 3613 378 3679 πῦρ
398 3613 454 3660 LP:
474 3608 535 3679 πρός
552 3613 601 3680 πὺρ
620 3613 663 3661 M:
683 3614 730 3679 πὺρ
751 3611 810 3676 (om.
830 3610 890 3681 πρός
908 3609 949 3675 τὸ)
963 3614 985 3659 V
1123 3609 1152 3662 18
1171 3611 1372 3683 κεχορτυκότων]
1392 3629 1554 3684 συνκεγοριυ-

203 3695 288 3747 κόπων
312 3697 364 3746 veri
384 3696 503 3747 similiter
522 3698 589 3748 coni.
614 3698 723 3764 llengey
747 3697 804 3749 coll.
824 3699 932 3759 testim.;
957 3703 1016 3764 post
1038 3695 1149 3756 Μοὺσαιτ
1172 3699 1335 3752 intercidisse
1358 3706 1494 3769 κορυφαῖος
1516 3700 1555 3752 rel

204 3783 303 3850 aliquid
320 3784 398 3834 huius
417 3785 485 3835 modi
503 3784 569 3836 vidit
587 3784 727 3838 Buecheler
847 3786 875 3835 19
894 3788 931 3854 τῷ
951 3787 1005 3854 περὶ
1025 3789 1060 3837 V:
1080 3792 1132 3837 τῶν
1151 3786 1205 3858 περὶ
1224 3790 1256 3838 L:
1275 3789 1314 3856 τῷ
1331 3787 1398 3859 παρὰ
1418 3790 1468 3840 ΡΜ

204 4045 273 4114 ῆλιος
292 4044 317 4096 δὲ
341 4045 413 4114 μέρος
437 4045 542 4116 οὑροινοῦ
565 4046 670 4115 γέγονεν,
698 4043 762 4097 ὥστε
782 4045 870 4117 χρόνον
895 4042 1098 4113 ἀνομολογεῖσθαι
1122 4043 1243 4114 νειὺττρον
1262 4041 1367 4111 κόσμου.
1404 4041 1503 4113 Λίγοιτ’
1525 4043 1555 4095 όν

205 4132 249 4184 οὑν
268 4130 360 4204 ὀρθῶς,
378 4131 416 4184 ότι
436 4132 482 4184 οὑκ
501 4133 526 4185 ἐν
545 4133 629 4205 χρόνῳ
648 4133 731 4202 γέγονε
750 4133 852 4201 κόσμος,
875 4132 939 4184 ἀλλὰ
957 4131 997 4184 διά
1015 4132 1111 4200 κόσμου
1136 4132 1268 4200 συνέστηκε
1287 4131 1388 4203 χρόνος·
1415 4132 1431 4202 ἡ
1450 4132 1495 4202 γάρ
1515 4130 1557 4183 οὑ-

205 4223 280 4289 ρανοῦ
300 4221 395 4290 κίνησις
413 4222 505 4293 χρόνου
524 4221 596 4290 φὺσιν
616 4219 712 4280 ἔδειξεν.
751 4221 787 4272 lle
805 4221 867 4288 epil.
886 4221 976 4272 mundi
1000 4236 1020 4271 c.
1041 4220 1057 4272 8
1081 4218 1138 4286 (82
1158 4219 1195 4282 G.)
1224 4220 1276 4271 ἐπεὶ
1299 4221 1346 4291 γάρ
1370 4219 1493 4291 διάστημα
1511 4223 1557 4290 τῆς

204 4313 250 4359 τοὺ
269 4308 363 4376 κόσμου
384 4311 505 4374 κινήσεώς
529 4309 593 4360 ἐστιν
616 4309 628 4360 δ
648 4308 749 4381 χρόνος,
772 4309 877 4379 προτέρα
901 4313 945 4360 τοὺ
965 4308 1110 4375 κινουμένου
1134 4307 1229 4377 κίνησις
1247 4306 1294 4358 οὑκ
1318 4306 1347 4358 ἀν
1369 4307 1475 4376 γένοιτο,
1502 4304 1555 4359 ἀλλ’

205 4396 340 4464 ἀναγκαῖον
359 4397 406 4466 ἀρα
425 4398 467 4447 καὶ
485 4395 529 4448 τόν
547 4396 636 4469 χρόνον
656 4395 755 4466 ίσῆλικα
775 4396 869 4464 κόσμου
887 4396 1009 4465 γεγόνενοι
1028 4395 1043 4463 ip
1063 4396 1184 4464 νειὺτιρον
1203 4395 1307 4448 ἐκείνου.
1433 4394 1465 4446 18
1484 4393 1557 4457 Quod

206 4485 291 4535 omnis
318 4486 389 4552 prob.
410 4484 452 4535 lib.
473 4501 493 4536 c.
516 4484 547 4535 10
566 4484 600 4548 (ll
619 4499 643 4551 p.
656 4484 706 4536 455
726 4484 768 4546 11.)
793 4480 897 4552 Ἐπειδὴ
921 4482 947 4534 δέ
965 4501 1028 4540 τινες
1046 4488 1098 4534 τῶν
1121 4482 1211 4552 ἥκιστα
1230 4482 1467 4556 συγκεχορευκότων
1487 4479 1556 4535 Moe-

207 4585 338 4627 σοις

261 4676 358 4725 eumont,
372 4677 433 4716 Philo
450 4669 484 4715 II.
499 4662 642 4729 ἀφθαρσίας
1336 4658 1358 4721 4
