3532 5394
812 346 963 407 mesot

263 523 440 605 καταρθεῖσα
465 523 520 605 γὰρ
546 524 565 604 ᾖ
594 528 732 603 ποταμῶν
759 523 943 606 α’ναχῦσεσιν.
972 521 1071 605 ῶσπερ
1099 523 1186 604 φασὶν
1214 520 1368 603 Αἴγυπτον,
1402 521 1421 604 ἢ
1445 525 1506 589 τοῖς

263 623 385 706 ἐτησίοις
407 622 525 709 ὄμβροις
547 626 594 688 τδν
617 626 651 688 ἐκ
672 631 724 708 τῆς
744 628 836 708 φοράς
857 624 986 706 κάματον
1009 625 1155 687 ὑπανίεται
1177 625 1225 686 καὶ
1240 627 1365 708 χαλᾶται
1380 623 1504 686 κᾶπειτα

262 727 515 810 διαναπαυσαμένη
549 728 602 810 την
627 728 733 791 οἰκείαν
761 726 879 806 δύναμιν
902 728 1056 789 ἀνακτάται
1081 727 1167 810 μέχρι
1200 729 1357 795 παντελοῦς
1391 727 1504 809 ῥώμης,

260 826 311 891 εἶτ’
343 830 465 914 ἄρχεται
492 832 576 892 πάλιν
608 835 659 914 τῆς
685 834 742 892 τῶν
770 829 878 911 ὁμοίων
905 829 1045 910 γενέσεως
1072 829 1180 913 τροράς
1206 828 1354 912 ἀφθόνους
1379 829 1506 895 άπάσαις
1532 842 1546 885 ε

226 949 241 996 ο
263 928 347 1014 ζῴων
371 932 458 1000 ἰδέαις
480 934 664 995 ἀναδιδοῦσα.

347 1035 394 1097 12.
441 1034 513 1119 11αρ’
531 1034 548 1096 δ’
563 1058 612 1116 μοι
628 1036 759 1097 δοκοῦσιν
777 1036 781 1095 l
799 1033 852 1096 οῦκ
867 1033 925 1096 ἀπὸ
943 1039 1051 1096 σκοποῦ
1068 1035 1183 1118 ποιηταὶ
1200 1036 1352 1117 πανδῶραν
1367 1032 1458 1116 αὐτὴν
1480 1047 1557 1092 ουτοι.

262 1135 411 1215 ὀνομάσαι,
434 1141 526 1200 πάντα
547 1138 733 1222 δωρουμένην
756 1137 830 1219 [καὶ]
853 1138 888 1199 τά
910 1137 983 1219 πρδς
997 1136 1139 1219 ῶρέλειαν
1155 1136 1203 1199 καλ
1219 1137 1326 1219 ἡδονῆς
1341 1136 1504 1199 ἀπόλαυσιν

258 1237 292 1299 οῦ
315 1240 387 1302 τισὶν
409 1240 484 1302 ἀλλά
507 1245 593 1303 πᾶσιν
615 1242 670 1303 ὅσα
692 1246 790 1325 ψυχῆς
813 1240 993 1323 μεμοίραται.
1018 1242 1044 1302 εἰ
1064 1244 1132 1321 γοῦν
1156 1263 1196 1307 τις
1219 1237 1303 1321 ἔαρος
1318 1239 1503 1320 ἀκμάσαντος

260 1342 419 1423 πτερωθεὶς
440 1343 543 1427 ἀρθείη
567 1345 718 1426 μετάρσιος
741 1345 788 1406 καὶ
815 1342 923 1405 κατίδοι
945 1343 996 1423 τήν
1018 1366 1049 1412 τε
1081 1343 1192 1424 δρεινην
1219 1343 1267 1403 καὶ
1290 1343 1421 1414 πεδιάδα,
1449 1343 1500 1424 τὴν

210 1462 242 1508 10
261 1443 312 1522 μὲν
335 1441 474 1528 εῦχορτον
497 1448 543 1509 καὶ
566 1445 733 1531 χλοηιρόρον
756 1444 829 1513 πόας
863 1447 909 1507 καὶ
936 1446 1020 1528 χιλδν
1042 1445 1144 1528 κριθάς
1177 1468 1208 1507 τε
1240 1446 1287 1507 καὶ
1310 1445 1419 1527 πυροὺς
1451 1447 1499 1506 καὶ

260 1546 361 1627 μορίας
383 1545 472 1616 ἄλλας
495 1553 629 1630 σπαρτῶν
651 1548 752 1631 φύσεις
774 1549 972 1611 ἀναδιδοῦσαν.
996 1547 1030 1614 ἀς
1045 1570 1077 1610 τε
1097 1548 1220 1630 γεωργοὶ
1236 1547 1429 1631 κατεβαλοντο
1452 1548 1501 1609 καί
1514 1564 1542 1605 ιο

259 1649 293 1717 ἀς
315 1649 586 1732 ἀπαυτοματίζουσα
608 1653 628 1733 η
651 1655 701 1713 τοῦ
723 1649 804 1719 ἔτους
827 1652 889 1734 ὥρα
912 1649 1079 1733 παρέχεται,
1102 1650 1154 1731 τὴν
1176 1651 1209 1712 δὲ
1231 1651 1347 1716 κλάδοις
1362 1653 1410 1712 καὶ
1432 1654 1503 1734 2⁵0).-

259 1753 325 1814 λοίσι
349 1755 504 1817 κατάσκιον
527 1754 569 1821 οἷς
592 1754 789 1834 ἐπικοσμεῖται
813 1754 846 1816 τὰ
870 1754 982 1838 δένδρα.
1006 1754 1053 1814 καλ
1075 1759 1193 1835 καρπῶν
1221 1753 1501 1836 περιπληθεστάτην,

259 1854 326 1938 οὐχὶ
348 1861 406 1918 τῶν
430 1857 501 1939 πρός
527 1856 640 1938 ἐδωδὴν
667 1855 753 1937 μόνον
781 1856 855 1919 ἀλλά
883 1857 929 1919 καὶ
956 1855 999 1923 οῖς
1025 1855 1129 1924 πόνους
1155 1855 1289 1918 ἀκεῖσθαι
1317 1856 1500 1940 συμβέβηκεν

208 1979 238 2025 15
261 1993 293 2002 —
320 1959 336 2019 ὁ
359 1959 411 2039 μὲν
432 1959 487 2042 γὰρ
509 1964 562 2042 τῆς
584 1960 681 2027 ἐλαίας
703 1962 812 2043 καρπὸς
839 1962 974 2039 σώματος
1000 1961 1128 2040 κάματον
1152 1960 1238 2029 ἰᾶται,
1266 1959 1281 2020 ό
1309 1959 1341 2021 δὲ
1368 1965 1420 2043 τῆς
1448 1960 1501 2039 ἀμ-

257 2062 344 2124 πέλου
360 2063 460 2130 ποθεὶς
476 2063 597 2145 μετρίως
612 2062 741 2147 ἐπιχαλοῖ
759 2063 808 2130 τάς
825 2062 951 2146 σφοδρὰς
965 2062 1069 2130 δδῦνας
1096 2098 1099 2115 ι
1125 2067 1222 2146 ψυχῆς
1237 2097 1278 2107 -
1293 2059 1335 2124 ἔτι
1357 2064 1390 2126 δὲ
1411 2061 1462 2129 τάς
1483 2078 1555 2122 εσσε

258 2167 315 2228 ἀπὸ
337 2170 395 2227 τῶν
418 2165 532 2228 ἀνθέων
554 2167 770 2249 ἀναφερομένας
791 2165 990 2233 εὐωδεστάτοις
1012 2165 1101 2248 αῦρας
1124 2168 1170 2229 καὶ
1193 2166 1244 2234 τάς
1259 2171 1316 2227 τῶν
1331 2169 1499 2250 χρωμάτων

257 2268 427 2350 ἀμυθήτους
450 2267 592 2350 ἰδιότητας
615 2269 706 2352 τέχνη
723 2271 862 2352 δαιμονίῳ
880 2269 1111 2349 πεποικιλμένας,
1135 2271 1186 2352 την
1211 2267 1241 2330 δ’
1263 2267 1328 2352 ὄψιν
1343 2270 1500 2338 ἀποκλίνας

255 2373 312 2433 ἀπό
336 2377 393 2434 τῶν
417 2371 534 2455 ἡμέρων
558 2372 587 2434 ἐν
604 2370 683 2454 μέρει
699 2374 784 2434 πάλιν
799 2373 950 2456 αιήείρους,
973 2371 1100 2454 κέδρους,
1125 2372 1242 2445 πεύκας,
1265 2371 1378 2445 ἐλάτας,
1401 2375 1499 2456 δρυῶν

203 2495 236 2542 νο
255 2473 313 2559 ῦψη
337 2475 579 2558 περιμηκέστατα,
606 2474 657 2542 τὰς
684 2473 773 2544 άλλας
801 2481 858 2536 τῶν
887 2475 992 2558 ἀγρίων
1026 2479 1158 2558 συνεχεῖς
1191 2475 1239 2537 καὶ
1273 2475 1392 2558 βαθείας
1427 2476 1498 2545 ῦλας

256 2578 485 2663 περιαθρήσειεν,
513 2577 544 2640 αῖ
565 2577 601 2640 τά
623 2581 743 2640 πλεῖστα
766 2579 813 2640 καὶ
838 2578 956 2659 μέγιστα
979 2585 1035 2640 τῶν
1060 2579 1136 2661 δρῶν
1160 2580 1208 2641 καὶ
1231 2578 1282 2661 τὴν
1311 2578 1420 2660 πολλὴν
1444 2578 1500 2660 όση
1527 2594 1542 2636 s

205 2839 215 2888 1
239 2834 390 2906 καταρθεῖσα
408 2835 529 2903 Mengey:
549 2832 703 2906 καθαρθεῖσα
722 2835 780 2887 libri
870 2835 885 2886 2
905 2841 983 2906 φοραῖς
995 2837 1116 2902 Mangey:
1135 2833 1230 2906 φθορᾶς
1250 2834 1308 2887 libn'
1396 2836 1520 2890 4ε1ταΙ.

202 2922 314 2993 ἀηδόνας
334 2928 356 2973 V
495 2922 510 2973 6
530 2921 664 2991 πανδῶρην
683 2923 710 2987 (ε
728 2926 866 2988 superser.)
885 2922 975 2980 αὐτοὺς
994 2925 1033 2990 (in
1052 2938 1131 2989 marg.
1151 2938 1227 2975 manu
1249 2938 1298 2974 ree.
1316 2921 1407 2992 αὐτὴν)
1426 2928 1449 2974 V

202 3013 217 3064 7
237 3013 280 3064 καὶ
299 3012 339 3064 del
359 3011 474 3078 Bemeys
610 3009 626 3060 8
645 3008 793 3078 μεμοίραται
812 3010 936 3061 Turneb.:
956 3009 1118 3080 μεμοίρανται
1137 3009 1196 3061 libri
1215 3009 1247 3062 οί.
1267 3008 1330 3072 38,3
1473 3012 1554 3080 θτὴν

202 3100 263 3164 (om.
282 3101 320 3164 τε)
335 3102 361 3150 Μ
446 3097 530 3166 ὀρινὴν
549 3101 570 3148 Ι.
661 3098 692 3148 10
711 3095 791 3169 χιλιῶν
810 3101 831 3148 1.
920 3099 998 3166 πυράς
1017 3102 1044 3149 Μ
1136 3098 1163 3148 11
1186 3095 1347 3148 ἀναδιδοῦσαν
1365 3100 1389 3147 Μ
1408 3102 1433 3150 et
1451 3098 1492 3164 (ας
1510 3116 1554 3151 su·

202 3186 306 3254 persor.)
326 3191 359 3238 L:
378 3184 538 3241 ἀναδιδοῦσας
556 3187 606 3237 ΡΜ
748 3183 931 3253 κατεβάλλσντο
951 3189 978 3236 Μ
1111 3184 1141 3234 12
1160 3184 1430 3252 ἀπαυματοματίζουσα
1449 3188 1474 3234 V

205 3274 235 3326 13
254 3273 385 3342 ρυλλαίΡ
495 3274 524 3324 14
543 3271 658 3325 ἀκεῖσθαι
676 3274 766 3331 πόνους
785 3278 807 3323 V
919 3272 948 3323 1ss
967 3274 1012 3339 τῆς
1030 3271 1115 3342 ψυχῆς
1134 3274 1157 3321 V
1263 3271 1299 3323 ἔτι
1317 3271 1343 3323 δε
1362 3274 1404 3324 καί
1424 3277 1447 3322 V

205 3363 234 3413 11
255 3359 352 3414 ἀνθέων
371 3366 406 3413 L:
426 3360 510 3414 ἀνθῶν
530 3364 606 3414 ΜΡΜ
736 3361 905 3417 εῦωδεστάτας
924 3363 957 3410 L:
976 3357 1137 3416 είνοδεστάτας
1155 3363 1192 3410 V:
1212 3357 1376 3431 εῦωδεστέρας
1396 3365 1446 3413 ΡΜ

201 3452 343 3521 χρωμάτων
363 3452 452 3500 VPM:
471 3448 569 3500 ἀνθέων
588 3454 608 3501 L
758 3447 788 3500 18
807 3446 925 3515 δαιμονίῳ
941 3450 1028 3498 VPM:
1047 3444 1161 3513 δαιμονίᾳ
1179 3451 1200 3497 L
1352 3447 1383 3499 19
1401 3453 1462 3514 post
1480 3447 1555 3500 πάλιν

201 3536 259 3589 add.
279 3536 334 3605 ὄψει
352 3540 376 3586 Μ
493 3536 595 3607 κέδρους
613 3540 646 3600 V,
668 3543 697 3588 ut
716 3538 783 3588 coni.
805 3536 952 3588 Buecheler:
976 3536 1019 3586 καὶ
1038 3533 1141 3604 κέδρους
1160 3538 1232 3586 LPM
1352 3535 1385 3587 20
1403 3537 1449 3595 τοῖς
1468 3536 1555 3588 ἀλλων

202 3625 314 3676 Turneb.
421 3624 450 3674 21
472 3622 661 3694 περιαθρησειας
680 3628 700 3675 L

201 3865 216 3913 θ
236 3864 274 3915 De
291 3878 332 3931 op.
346 3865 436 3916 mundi
454 3864 488 3916 45
507 3869 541 3931 (ρ.
556 3864 667 3927 54140.)
748 3864 779 3933 ἦν
799 3868 844 3928 (sc.
863 3868 918 3933 γῆν)
937 3864 1035 3931 ε’τῦμως
1054 3864 1082 3915 τὸ
1101 3863 1230 3933 ποιητικὸν
1250 3865 1319 3933 γένος
1337 3865 1491 3935 παμμητορα
1510 3869 1554 3919 καὶ

201 3951 360 4022 καρπόφορον
378 3952 421 4002 καί
439 3951 573 4021 πανδιίνραν
588 3951 676 4005 εἴωθεν
696 3953 822 4020 ὀνομάζειν
842 3951 925 4021 ἐπειδὴ
945 3955 1045 4004 πάντων
1065 3952 1131 4004 αἰτία
1144 3953 1263 4021 γενέσεως
1281 3955 1323 4004 καὶ
1341 3951 1461 4021 διαμονῆς
1479 3951 1553 4022 ζῴων

201 4039 264 4107 ὁμοῦ
283 4040 325 4090 καὶ
343 4045 429 4107 φυτῶν
449 4041 513 4091 ἐστιν
665 4043 697 4091 14)
717 4041 753 4092 De
772 4040 834 4109 opis.
855 4042 943 4092 mundi
964 4057 985 4092 e.
1003 4041 1032 4091 12
1050 4039 1136 4103 (123)
1155 4038 1251 4092 κελεῦει
1269 4041 1315 4109 γὰρ
1334 4040 1412 4110 αὐτὴν
1430 4045 1477 4105 (se.
1496 4044 1554 4111 γῆν)

201 4126 350 4196 χλοηρορεῖν
373 4129 415 4178 καὶ
438 4136 618 4200 σταχυηφορεῖν
645 4128 764 4185 παντοίας
788 4129 893 4197 βοτάνας
921 4127 1028 4179 ἀνιεῖσαν
1052 4129 1095 4178 καὶ
1117 4126 1188 4179 πεδία
1212 4124 1320 4199 εὔχορτα
1343 4130 1386 4179 καὶ
1408 4124 1488 4180 πάνθ’
1507 4127 1555 4181 δσα

200 4213 269 4284 χιλδς
288 4216 333 4282 μὲν
348 4215 469 4284 κτήνεσιν,
488 4214 629 4285 ἀνθρώποις
648 4212 672 4267 δ’
693 4215 795 4284 ἔμελλεν
814 4213 913 4267 ἔσεσθαι
931 4216 1011 4285 τροφή
1101 4216 1132 4266 14
1151 4215 1224 4267 Plato
1243 4216 1341 4267 Menex.
1357 4214 1407 4267 238
1427 4217 1449 4267 Α
1469 4216 1555 4269 ἐλαίου

201 4304 294 4371 ηίνεσιν
314 4303 397 4354 πόνων
418 4304 519 4373 ἀρωγὴν
538 4304 568 4355 cf.
585 4305 689 4373 Protag.
705 4304 754 4354 334
772 4303 801 4355 B.
913 4302 944 4355 15
963 4302 1037 4355 Philo
1057 4302 1093 4354 De
1110 4316 1193 4353 somn.
1212 4303 1235 4354 Ι]
1255 4302 1271 4353 8
1298 4303 1317 4367 (l
1339 4302 1443 4363 110611.)
1479 4302 1511 4356 Τί
1530 4303 1556 4357 δὲ

200 4395 243 4442 τοῦ
262 4391 310 4442 ἀπό
329 4395 373 4460 τῆς
392 4390 474 4448 ἐλαίας
493 4389 672 4460 ἐκθλιβομένου
692 4395 789 4458 καρποῦ
811 4390 884 4443 πλέον
903 4390 951 4442 ἔδει
969 4391 1051 4459 ζητεῖν
1075 4389 1135 4458 πρὸς
1153 4388 1307 4457 ἀλείμματα·
1336 4391 1378 4442 καὶ
1397 4390 1442 4460 γὰρ
1462 4389 1554 4444 λεαίνει

200 4480 242 4529 ’καὶ
261 4481 373 4545 κάματον
393 4479 508 4546 σώματος
526 4478 579 4530 λῦει
603 4480 646 4531 καί
664 4476 795 4549 εῦσαρκίαν
814 4479 912 4540 ἐμποιεῖ
1054 4479 1083 4528 1ίὶ
1103 4478 1140 4528 [λυ
1160 4479 1289 4528 ωοηυτιίι.
1310 4477 1330 4528 11
1351 4477 1365 4527 1
1385 4478 1419 4540 (11
1439 4477 1489 4528 221
1511 4480 1555 4540 M.)

198 4560 319 4634 Ἄκρατος
398 4569 456 4625 τοὺς
474 4571 520 4636 τῆς
538 4568 621 4636 ψυχῆς
640 4566 726 4621 τόνους
745 4565 871 4636 ἐπιχαλῶν
890 4566 971 4636 λήθης
989 4564 1052 4632 ὁμοῦ
1072 4566 1115 4616 καὶ
1135 4564 1275 4635 ἀρροσῦνης
1293 4564 1370 4623 αίτως
1388 4563 1482 4635 γίνεται
