3532 5394
263 344 294 382 VI
815 339 1070 393 PROLEGOMENA

263 515 357 580 esse?
401 511 471 590 Quo
494 511 579 577 enim
606 511 740 575 oonsilio
768 511 940 586 hominem,
969 511 1022 594 qui
1050 530 1154 593 neque
1182 510 1349 577 doetrinae
1371 532 1475 594 neque
1496 512 1618 594 ingenii

264 616 360 681 laude
375 621 473 696 earet,
491 612 629 696 aequali,
646 619 694 676 eui
711 613 796 678 haud
813 612 917 696 impar
932 620 1012 696 erat,
1035 613 1155 695 scripta
1170 631 1229 676 sua
1244 612 1393 677 tribuisse
1409 614 1622 681 existimetis?

264 715 414 782 Profecto
447 715 481 779 in
514 714 576 779 hae
609 735 735 797 quoque
769 714 826 780 lite
858 714 1017 780 neminem
1055 713 1130 778 furti
1164 733 1318 780 aoousare
1353 715 1437 794 lieet,
1474 714 1536 779 nisi
1570 715 1622 779 eui

263 816 427 901 profuerit.

348 919 437 983 Haeo
460 919 486 984 ei
510 925 597 984 reete
619 919 852 1002 contendimus,
875 938 973 982 unum
989 917 1171 999 exemplum
1187 915 1344 983 habemus
1361 919 1477 1003 operis,
1501 919 1533 983 in
1557 940 1621 1002 quo

265 1019 360 1085 Philo
392 1020 531 1085 asolita
552 1020 738 1104 disputandi
765 1021 891 1085 ratione
913 1018 1054 1085 deflectit
1088 1026 1120 1083 et
1153 1026 1239 1083 totus
1272 1039 1293 1084 a
1326 1039 1443 1102 graeea
1474 1021 1623 1086 doctrina

264 1122 452 1204 graecisque
488 1120 689 1206 philosophis
724 1123 853 1205 pendet.
908 1120 990 1199 Quin
1018 1120 1152 1185 iudaiois
1190 1121 1317 1204 seriptis
1355 1121 1487 1205 propius
1524 1143 1621 1205 quam

262 1225 318 1289 ille
345 1226 394 1289 De
417 1222 627 1289 Providentia
655 1223 803 1305 dialogus
837 1223 888 1287 hio
921 1222 1001 1288 liber
1024 1223 1095 1308 Περὶ
1122 1224 1286 1308 ἀφθαρσίας
1318 1225 1453 1288 aeoodit.
1508 1225 1622 1308 Neque

264 1326 348 1392 enim
366 1326 554 1391 Aristoteles
567 1326 619 1391 hio
640 1326 734 1389 divus
749 1326 942 1409 appellatur,
965 1345 1070 1408 neque
1085 1344 1168 1408 quae
1190 1325 1232 1390 de
1254 1345 1293 1389 eo
1317 1326 1451 1407 legimus
1467 1328 1518 1391 vel
1533 1328 1621 1409 apud

264 1427 453 1493 hodiernum
476 1426 630 1493 historiae
651 1426 838 1510 soriptorem
861 1425 985 1491 absona
1000 1426 1179 1510 videantur,
1203 1427 1321 1491 nedum
1348 1428 1435 1510 apud
1452 1428 1619 1494 Philonem

264 1531 317 1613 qui
341 1537 389 1595 tot
412 1530 595 1596 Aristotelis
617 1529 770 1611 dogmata
796 1528 830 1592 in
853 1527 1092 1612 philosophiam
1121 1548 1211 1592 suam
1240 1529 1370 1612 recepit.
1420 1529 1489 1595 Neo
1516 1530 1621 1613 Serip-

264 1641 357 1698 turae
380 1632 544 1698 mentione
566 1631 695 1695 omnino
718 1630 890 1696 destitutus
916 1636 966 1694 est
988 1629 1069 1695 iiber
1093 1629 1163 1714 Περὶ
1186 1631 1350 1714 ἀφθαρσίας
1378 1640 1410 1696 et
1436 1632 1537 1696 verba
1562 1632 1621 1696 itta

264 1735 379 1817 quibus
406 1740 575 1800 asseverat
602 1733 648 1816 (p.
665 1733 759 1816 6,17)
790 1736 910 1817 μακροῖς
933 1731 1048 1816 χρόνοις
1074 1740 1151 1798 ante
1177 1733 1353 1798 Hesiodum
1377 1734 1498 1798 Mosem
1522 1733 1620 1798 libros

263 1856 373 1901 saeros
395 1834 623 1917 conscripsisse
644 1834 799 1899 Iudaeum
823 1833 899 1897 mihi
922 1833 1051 1916 quidem
1078 1841 1190 1917 aperte
1217 1835 1356 1917 produnt
1386 1835 1619 1919 seriptorem¹);

265 1958 371 2020 neque
394 1936 511 2017 obstat,
534 1943 569 2000 ut
584 1935 780 2019 Bemaysius
803 1934 977 2016 contendit,
1001 1935 1286 2001 Mosem‘loodaimr
1309 1937 1471 2021 νομοθέτην
1494 1944 1619 2001 tantum

262 2038 431 2123 appellari,
455 2039 572 2122 oum'jn
594 2037 667 2102 aliis
682 2057 809 2120 quoque
825 2035 968 2101 Philonis
992 2036 1141 2120 operibus
1163 2037 1280 2102 similia
1295 2038 1485 2121 legantur·²).
1530 2038 1620 2104 Oete·

262 2141 418 2206 numiam
446 2142 487 2206 de
512 2139 572 2204 hae
600 2160 634 2205 re
656 2140 752 2222 plane
776 2139 870 2203 aliter
892 2157 930 2202 ao
953 2138 1149 2222 Bernaysius
1172 2140 1316 2206 Zellerus
1343 2139 1539 2223 iudioavit⁸),
1566 2141 1618 2222 qui

262 2244 383 2309 Iudaeo
401 2243 510 2326 utique
525 2241 646 2306 homini
661 2240 865 2306 tribuendum
878 2260 949 2305 esse
966 2239 1050 2306 huno
1070 2242 1211 2307 libellum
1228 2242 1361 2308 oensuit.
1392 2241 1457 2307 Sed
1472 2242 1619 2325 quamvis

263 2346 401 2411 sufficiat
423 2345 560 2410 fortasse
584 2343 726 2428 opinioni
749 2342 933 2426 opinionem
957 2344 1155 2426 opposuisse,
1179 2353 1286 2411 tamen
1300 2344 1383 2409 hano
1398 2344 1619 2427 quaestionem

262 2449 360 2533 paulo
384 2446 564 2513 aoeuratiue
589 2445 775 2511 examinare
797 2463 917 2527 operae
940 2444 1076 2527 pretinm
1099 2446 1190 2510 duoo.

348 2548 407 2627 Qui
439 2549 540 2614 verba
568 2547 653 2632 [7,2]
682 2547 745 2611 εἶτα
771 2547 924 2631 προελθὼν
955 2547 985 2609 ἐν
1012 2553 1071 2616 τοῖς
1096 2546 1196 2612 ἔπειτα
1224 2551 1325 2633 μηνύει
1351 2551 1450 2630 πάλιν,
1479 2549 1523 2612 ότι
1550 2549 1620 2633 ιἠμὲ-

263 2677 310 2737 ραι
336 2654 385 2716 καὶ
414 2653 513 2720 νύκτες
539 2652 588 2714 καὶ
611 2651 684 2734 ὧραι
712 2650 760 2711 καὶ
788 2649 909 2711 ἐνιαυτοὶ
939 2650 1046 2733 σελήνη
1074 2673 1105 2713 τε
1130 2652 1178 2714 καὶ
1201 2653 1297 2761 ἥλιος)
1332 2651 1360 2714 οἳ
1381 2650 1490 2736 χρόνου
1515 2654 1619 2735 μετρή-

264 2776 338 2823 σεως
360 2755 445 2839 φόσιν
468 2753 611 2834 ἐδέξαντο,
640 2751 712 2834 μετὰ
741 2755 792 2813 τοῦ
815 2752 921 2820 παντὸς
952 2751 1075 2835 οὐρανοῦ
1099 2753 1198 2836 μοίρας
1221 2754 1367 2816 ἀθανάτου
1397 2753 1537 2839 λαχόντες
1563 2757 1622 2817 δια·

264 2860 394 2919 τελοῦσιν
418 2855 562 2939 ἄφθαρτοι
578 2853 619 2917 de
634 2852 724 2917 Mose
740 2852 877 2936 scripsit,
901 2852 1045 2917 intimam
1063 2873 1136 2918 eum
1153 2854 1304 2919 librorum
1320 2873 1483 2919 sacrorum
1500 2854 1621 2920 habere

264 2958 478 3041 cognitionem
510 2953 705 3038 Bemaysius
732 2955 803 3038 ipse
830 2955 955 3019 notavit
983 2953 1026 3040 [p.
1046 2956 1197 3041 10-15].
1242 2957 1285 3020 At
1312 2955 1463 3022 Caesaris
1484 2956 1621 3038 Augusti

262 3060 460 3143 temporibus
472 3098 514 3108 --
525 3079 600 3124 nam
613 3055 698 3121 illiue
710 3055 778 3122 fere
790 3056 862 3122 aevi
876 3055 960 3121 huno
972 3057 1115 3123 libellum
1128 3077 1200 3122 esse
1212 3078 1323 3123 omnes
1335 3058 1621 3141 eonsentiunt⁴)—

263 3227 479 3238 —..—.—-..—..
494 3228 498 3233 .
512 3228 545 3232 —
573 3227 629 3233 —

265 3329 369 3399 θειμένη
382 3367 387 3380 .
401 3368 423 3380 ..
444 3329 515 3399 χήτει
533 3330 634 3400 γνησίου
653 3331 760 3390 ταλλοιις
777 3333 807 3384 τὸ
825 3331 901 3384 νόθον
924 3331 1116 3400 μεταθοόννιουσα
1135 3332 1178 3401 [cf.
1199 3329 1258 3403 Περὶ
1277 3332 1337 3402 opt.
1359 3332 1434 3401 lae]
1455 3332 1468 3402 Ι)
1489 3350 1511 3386 c.
1531 3333 1565 3386 32
1585 3335 1621 3399 (il

265 3417 316 3469 642
331 3417 375 3482 tt.)
389 3417 405 3486 ἡ
425 3421 470 3469 τοῦ
483 3417 560 3486 πυρός
579 3415 681 3486 θόναμις
694 3418 753 3470 όταν
765 3415 969 3490 παραβληθεῖοαν
987 3417 1049 3490 όλην
1062 3419 1178 3490 ἀναλώσῃ
1192 3420 1333 3474 τελευταῖον
1347 3421 1425 3490 οθτλγν
1438 3421 1577 3487 ἐπινέμεται
1587 3444 1620 3464 =

265 3505 303 3556 De
322 3519 391 3572 spec.
412 3502 461 3572 leg.
482 3502 515 3556 IV
537 3503 552 3555 6
571 3505 606 3571 (ΙΙ
627 3505 679 3557 340
696 3506 741 3572 Μ.)
759 3503 791 3558 Ἡ
811 3506 889 3576 πυρὸς
901 3504 1002 3574 θόναμις
1020 3504 1082 3578 ὕλης
1100 3506 1227 3580 λαβομένη
1247 3507 1386 3580 πανταχόσε
1400 3503 1509 3578 ᾆττουσα
1521 3508 1622 3575 νέμεται

329 3590 379 3647 έως
397 3591 479 3642 πάντα
498 3589 677 3650 έξοινιιλόνσαοα
700 3591 764 3660 αι’νςὴ
784 3591 919 3664 δοπανηθγῖ
940 3593 1002 3662 πρὸς
1025 3593 1104 3663 αὑτῆς
1123 3592 1135 3663 Η
1157 3611 1178 3646 e.
1192 3595 1226 3647 50
1245 3595 1280 3661 (11
1300 3595 1351 3647 6‘25
1370 3594 1423 3660 Μ),
1445 3590 1621 3663 Ἐστογόσοτο

266 3677 327 3748 πρὸς
345 3677 392 3746 τὴν
410 3682 455 3729 τοῦ
474 3677 571 3746 κόσμου
595 3680 687 3748 γένεσιν
711 3678 724 3731 ό
748 3677 805 3736 θεὸς
828 3679 1031 3750 αι’ντοιρνιεστότης
1050 3679 1111 3750 ὕλης
1130 3704 1160 3724 =
1182 3682 1218 3734 ite
1236 3681 1298 3748 opii.
1318 3698 1351 3733 m.
1370 3681 1400 3733 51
1423 3681 1499 3746 (56.2
1519 3681 1560 3747 C.)
1580 3683 1621 3732 έιι-

265 3763 394 3835 πληρωσιν
413 3763 616 3835 αὺτορνιεστότης
634 3764 696 3837 όλης
713 3766 744 3835 ἣν
763 3766 811 3818 έθει
823 3764 907 3835 λαβεῖν
924 3765 967 3817 τὸν
985 3766 1144 3838 δημιουργόν,
1161 3769 1201 3820 ἵνα
1219 3768 1364 3840 τεχνιτεόση
1379 3768 1426 3837 τὴν
1446 3767 1539 3838 θροιτὴν
1562 3767 1620 3819 ταΰ-

264 3871 311 3923 την
325 3851 410 3904 εἰκόνα
429 3853 476 3917 (so.
490 3850 596 3919 κόσμον)
617 3851 629 3920 Η
650 3870 672 3905 c.
688 3852 733 3905 101
756 3854 789 3917 (ii
801 3852 851 3904 644
862 3854 904 3914 Μ.)
921 3849 1128 3922 Ὠφελιμιίιτατον
1142 3855 1187 3922 μὲν
1205 3855 1222 3924 ἡ
1241 3853 1333 3924 εὕρεσις
1350 3855 1450 3924 ῆθιστον
1463 3852 1488 3906 δὲ
1501 3855 1545 3906 καὶ
1558 3854 1621 3906 κατ’

267 3938 328 3991 oded
341 3945 392 3996 τοῖς
409 3936 573 4007 φιλομαθέσιν
591 3939 608 4008 ἡ
627 3940 728 4012 ζήτησις
747 3963 780 3984 =
800 3941 837 3992 De
849 3941 981 3991 monarch.
995 3940 1034 3992 15
1053 3940 1199 4010 τερπόμενοι
1217 3949 1269 3999 τοῖς
1287 3941 1365 3994 εἰκόσι
1382 3940 1464 4010 λόγοις
1482 3941 1556 3994 ένενια
1575 3946 1620 3993 τοῦ

265 4024 337 4095 φύσει
355 4021 565 4094 φιλομαθοῦς...
584 4025 624 4078 διὰ
643 4027 671 4080 τὸ
689 4027 736 4096 τλγν
755 4026 843 4094 σκέψιν
861 4027 904 4077 καὶ
922 4026 982 4078 ἄνευ
999 4031 1045 4096 τῆς
1063 4029 1184 4099 εὑρέσεως
1202 4025 1264 4082 καθ’
1284 4030 1362 4098 αὑτὴν
1380 4027 1533 4098 τριπόθητον
1552 4029 1619 4080 εἶναι.

338 4112 358 4177 ¹)
378 4111 416 4164 (θ.
435 4113 542 4179 Joseph.
561 4114 589 4165 in
608 4113 674 4167 libro
694 4113 791 4166 Contra
809 4113 937 4180 Apiooem
958 4129 979 4164 ο.
995 4113 1007 4164 l
1029 4130 1100 4182 seqq.

337 4198 359 4263 ²)
380 4200 443 4250 vita
455 4200 534 4252 diesis
554 4201 597 4263 1,l
628 4196 745 4258 Μωσέως
763 4203 808 4252 τοῦ
828 4201 895 4251 κατὰ
912 4199 957 4267 μέν
975 4218 1044 4258 τινας
1056 4200 1195 4270 νομοθέτου
1208 4208 1261 4255 τῶν
1272 4199 1411 4269 Ἱουθαέων,
1430 4203 1497 4253 κατὰ
1510 4201 1537 4254 δὲ
1554 4220 1622 4258 τινας

266 4285 395 4355 έρμηνέως
412 4285 498 4352 νόμων
517 4285 590 4354 ἱεριῖιν
608 4287 652 4339 τὸν
672 4286 725 4356 βίον
743 4285 884 4357 ἀναγράψαι
902 4284 1042 4358 διενοήθην.
1080 4290 1117 4341 lte
1135 4290 1229 4342 Provid
1251 4289 1313 4353 1‚⁴22
1331 4289 1475 4339 Iudaeorum
1495 4288 1622 4356 έιρίοέιιιον

268 4372 360 4422 Moses.
397 4370 435 4423 Cf.
455 4373 492 4424 De
511 4388 566 4440 sap.
585 4374 628 4427 lib.
648 4390 670 4426 c.
684 4373 710 4436 εἰ,
728 4373 779 4424 οἵ
799 4378 824 4425 et
843 4374 974 4426 testimon.
993 4374 1025 4426 ad
1045 4374 1131 4440 tam.

338 4457 359 4522 ³)
380 4457 464 4511 Zeiier
482 4458 587 4509 Hermes
605 4467 624 4513 t.
637 4461 688 4513 XV
708 4459 801 4524 (1880)
822 4475 845 4526 p.
861 4459 918 4510 141.

338 4543 360 4610 ⁴)
379 4543 461 4596 Zaller
478 4545 542 4598 ibid.
561 4560 586 4614 μ.
603 4545 660 4600 142.
697 4547 756 4599 i'on
777 4547 867 4598 dmim
886 4561 928 4613 op.
948 4547 984 4599 cit
1002 4563 1027 4614 μ.
1040 4547 1082 4598 30.
