3532 5394
223 337 315 377 mm
776 340 1032 395 Pnouuoouurll

200 523 222 569 a
308 504 387 573 Ood.
411 507 592 576 vindobon.
614 510 732 595 philos.
757 512 818 576 102
841 529 925 577 saec.
942 513 1002 577 XV
1024 512 1060 596 (f.
1077 514 1179 599 218¹).

309 607 389 673 Cum
405 629 478 675 raro
494 612 577 677 alius
592 612 633 678 ab
655 613 719 679 alio
735 614 944 697 discreparet,
968 614 1135 681 brevitatis
1151 634 1251 683 cansa
1265 635 1454 681 consensum
1471 636 1581 683 eorum

223 707 331 774 littera
353 711 380 774 ll
402 711 539 795 signavi.

309 812 408 894 Igitur
430 813 492 880 hoc
513 815 581 881 sere
602 823 738 881 stemma
759 816 926 883 habemus.

707 1021 1051 1583 ru,

773 1526 877 1934 [l
936 1615 1150 2034 *sl

680 1868 706 1931 L
864 1869 990 1934 MV

990 2072 1163 2119 Vl'a

308 2172 357 2236 De
380 2190 583 2238 nnmrorusus
609 2192 680 2237 cum
708 2172 867 2238 uberrime
895 2173 997 2256 egerit
1019 2171 1163 2238 Gobnius
1189 2171 1234 2255 (p.
1255 2192 1318 2237 xxv
1346 2173 1443 2257 seu),
1469 2173 1582 2256 paucis

222 2272 329 2337 verbis
365 2292 425 2337 nos
452 2273 617 2340 continere
651 2295 831 2359 possumus.
887 2274 970 2339 Nam
1005 2275 1052 2340 eis
1084 2292 1168 2357 quae
1195 2273 1237 2339 de
1259 2274 1409 2339 Turnebo
1432 2275 1582 2358 (Parisiis

221 2374 360 2459 MDLIl)
387 2382 419 2440 et
448 2375 607 2461 blangeyo
636 2376 791 2460 (Londini
821 2376 916 2462 1742)
931 2414 973 2423 -
989 2376 1030 2443 de
1053 2375 1167 2441 ceteris
1194 2375 1278 2440 euim
1306 2383 1415 2442 tacere
1442 2376 1518 2443 licet
1538 2413 1581 2425 —

221 2476 381 2559 disseruit,
404 2475 484 2541 nihil
508 2477 612 2544 habeo
635 2478 722 2561 quod
744 2479 872 2545 addam.
918 2480 968 2544 De
995 2475 1164 2561 Bernaysii
1191 2496 1268 2542 vero
1302 2477 1454 2561 editione,
1484 2498 1580 2560 quam

222 2577 333 2660 primis
356 2577 451 2643 buius
474 2580 617 2662 opusculi
641 2579 788 2645 versibus
814 2580 956 2662 laudavi,
990 2580 1147 2644 nonnulla
1180 2578 1310 2645 adicere
1336 2579 1415 2644 setis
1443 2579 1581 2646 habebo.

222 2677 351 2762 Optime
373 2680 415 2744 de
438 2679 488 2745 bis
510 2680 624 2745 studiis
646 2682 763 2747 meruit
786 2681 982 2767 Bemaysius
1003 2701 1068 2746 non
1091 2680 1195 2745 solum
1226 2681 1311 2762 quod
1335 2681 1456 2764 primus
1478 2683 1582 2766 pristi-

220 2801 296 2846 num
312 2789 575 2865 argumentorum
599 2784 743 2849 ordinem
766 2783 915 2866 inlibris,
938 2792 973 2848 ut
994 2782 1141 2865 diximus,
1165 2781 1327 2846 turbatum
1350 2783 1498 2864 restituit,
1522 2785 1581 2851 sed

221 2883 307 2965 qnod
338 2885 440 2949 multa
468 2884 579 2949 codice
608 2885 754 2952 Mediceo
786 2884 967 2951 accuratius
995 2885 1113 2968 collato
1147 2883 1306 2966 corrigere
1333 2886 1446 2969 potuit,
1480 2888 1582 2952 multa

221 2985 289 3068 ipso
310 2984 446 3051 feliciter
462 2985 656 3052 emendarit.
701 2986 766 3053 Sed
782 3007 852 3052 cum
869 2986 962 3052 nnius
976 2985 1112 3052 Medioei
1135 2985 1359 3051 auctoritatem
1383 2996 1580 3072 sequeretur,

223 3087 310 3151 baud
334 3106 407 3152 raro
430 3107 501 3152 cnm
525 3072 564 3153 eo
588 3089 708 3154 errarit
731 3094 763 3154 et
796 3108 868 3154 cum
898 3088 1016 3153 damno
1046 3107 1068 3153 a
1099 3089 1233 3171 vulgata
1266 3088 1404 3154 lectione
1438 3088 1580 3156 deflexit.

222 3189 318 3254 Tanti
333 3190 418 3254 enim
433 3189 613 3256 Mediceum
627 3190 822 3274 aestimarit,
838 3197 873 3254 nt
888 3196 1065 3256 ceterorum
1082 3190 1227 3255 codicum
1243 3189 1387 3255 subsidia
1403 3200 1580 3275 sperneret,

220 3298 255 3356 ut
276 3291 497 3374 epitomatoris
519 3291 736 3358 testimonium
758 3291 813 3357 rix
835 3310 875 3358 ac
896 3312 938 3358 ne
952 3291 1007 3358 rix
1029 3291 1158 3375 quidem
1174 3300 1310 3375 curaret,
1332 3300 1367 3357 ut
1389 3292 1581 3376 optimarum

220 3394 372 3479 Mangeyi
403 3393 636 3459 correctionum
659 3414 759 3477 saepe
780 3414 821 3460 ne
848 3392 1043 3459 mentionem
1071 3393 1199 3477 quidem
1227 3391 1391 3476 faceret¹).
1435 3394 1581 3460 Philonis

221 3516 348 3578 quoque
371 3496 644 3580 comparationem
668 3517 741 3563 eum
764 3497 861 3580 plane
881 3496 1064 3579 neglexisse
1085 3516 1150 3561 non
1172 3494 1286 3559 mirum
1311 3501 1369 3579 est,
1392 3517 1464 3561 cum
1487 3517 1581 3580 opus-

221 3599 326 3662 culum
344 3597 404 3663 boc
419 3598 611 3665 Philoneum
631 3619 697 3664 non
712 3618 784 3664 esse
807 3597 867 3662 sibi
883 3597 1107 3680 persuasisset.
1150 3597 1252 3662 Paulo
1268 3603 1343 3680 post
1364 3597 1580 3665 Buechelerus

221 3701 322 3764 multa
346 3700 589 3785 Bernaysianae
612 3699 763 3766 editionis
785 3699 903 3765 menda
925 3699 1019 3782 [Mus.
1035 3698 1138 3764 Rhen.
1161 3698 1290 3763 XXXII
1312 3720 1342 3783 p.
1358 3701 1435 3783 442]
1459 3701 1581 3768 coniec-

221 3800 311 3866 tandi
333 3801 390 3866 illa
412 3821 477 3885 qua
510 3803 611 3886 pollet
644 3800 799 3867 felicitate
832 3801 981 3867 correxit.
1026 3803 1228 3866 Postremum
1251 3800 1412 3867 Dielesius
1435 3803 1579 3869 nltimam

221 3902 321 3968 libelli
339 3901 409 3988 Περὶ
426 3905 592 3989 ἀφθαρσίας
614 3911 738 3988 Partem
754 3903 1045 3987 Doxographorum
1067 3901 1211 3985 reliqniis
1232 3902 1376 3987 inseruit,
1400 3910 1433 3970 et
1453 3904 1498 3970 ibi
1520 3926 1581 3972 nec

221 4003 327 4068 minus
348 4005 381 4069 in
404 4005 465 4071 bac
488 4006 630 4072 editione
651 4012 805 4088 quantum
828 4005 871 4071 ad
893 4011 1016 4071 textum
1031 4004 1213 4070 sonandum
1233 4004 1413 4088 contulerit,
1436 4005 1581 4090 quisquis

222 4105 306 4171 huuc
328 4105 473 4172 libellum
496 4106 654 4174 evolverit
675 4127 734 4191 per
755 4126 791 4173 se
813 4107 989 4191 intelleget.

305 4207 365 4272 His
386 4208 484 4291 igitur
506 4209 670 4275 codicibus
696 4215 729 4275 et
750 4208 944 4275 editionibus
977 4230 1064 4289 usus,
1098 4208 1244 4275 Philonis
1278 4209 1423 4293 opusculi
1457 4216 1580 4277 textum

221 4328 318 4392 quam
340 4311 517 4377 rectissime
532 4310 728 4377 constituere
744 4317 878 4377 conatus
900 4332 981 4378 sum.
1027 4310 1200 4378 Codicibns
1215 4331 1285 4377 cum
1302 4331 1414 4377 omnes
1436 4312 1580 4380 eiusdem

293 4550 312 4618 ¹)
330 4550 360 4604 b.
373 4566 399 4619 g.
421 4548 483 4617 ll,3
502 4547 584 4622 βαιόςς
603 4548 667 4617 21,7
686 4551 777 4617 mltum
796 4549 878 4617 28,26
897 4551 930 4623 τῇ
947 4550 1039 4621 τροφῇ.
