3532 5394
612 358 692 415 ΠΕΡΙ
712 359 906 415 ΑΦΘΑΡΣΙΑΣ
924 362 1056 415 τ.16-17
1466 363 1505 427 27

211 531 252 595 ἔτι
276 532 302 595 δ’
324 533 386 617 ἀέρι
410 534 537 602 καὶτοῖς
560 533 682 615 <ἀλλοις>
705 534 804 618 μέρεσι
828 539 877 597 τοῦ
900 535 1012 618 κόσμου
1036 538 1246 618 παριστάμενος
1260 539 1307 598 καὶ
1325 537 1453 618 συνδρῶν

214 635 268 698 ὅσα
291 637 363 719 πρὸς
389 636 439 718 τὴν
466 640 517 697 τοῦ
546 635 613 698 όλου
641 638 778 720 διαμονὴν
810 640 857 700 καὶ
884 639 936 720 τὴν
964 637 1027 700 κατ’
1056 639 1145 721 ὑρθδν
1172 639 1256 720 λόγον
1285 638 1450 702 ἀνυπαίτιον

216 739 363 821 διοίκησιν.
419 740 533 801 πάντων
567 738 592 801 δ’
625 739 843 822 ἀναιρεθέντων,
867 739 916 803 ὑπ’
937 741 1035 824 ἀργίας
1057 742 1104 804 καί
1127 742 1265 825 ἀπραξίας
1288 741 1292 824 l
1315 745 1410 822 δεινῆς
1431 753 1506 797 solu.

213 841 331 924 ἀβιώτιμ
355 842 408 924 βίῳ
432 844 587 925 χρήσεται·
612 841 646 904 οὑ
669 842 700 904 τί
719 841 820 924 γένοιτ’
841 842 875 905 ἂν
898 843 1096 926 ἀτοπώτερον;
1120 845 1195 906 ὑκνῶ
1219 845 1320 926 λέγειν,
1345 843 1453 926 ὑμηδὲ

176 964 192 1012 5
212 944 295 1024 θέμις
318 945 459 1018 ὑπονοεῖν,
483 944 525 1007 ότι
548 945 742 1028 ἀκολουθήσει
771 947 832 1030 θεῷ
856 948 989 1021 θάνατος,
1016 945 1101 1027 εἴγε
1124 948 1171 1008 καὶ
1195 947 1314 1030 ἠρεμία·
1342 945 1452 1028 τὸγὰρ

208 1048 366 1129 ἀεικίνητον
389 1048 438 1109 ἐὰν
462 1048 567 1130 ἀνέλῃς
589 1054 696 1131 ψυχῆς.
720 1050 767 1110 καί
790 1049 879 1131 αὑτὴν
902 1050 1016 1117 πάντως
1039 1052 1210 1117 συνανελεῖς.
1255 1050 1336 1133 ψυχὴ
1353 1049 1385 1111 δὲ
1401 1051 1450 1109 τοῦ
1466 1064 1492 1104 ιυ

211 1149 323 1232 κόσμου
345 1150 419 1212 κατὰ
441 1152 506 1218 τοὺς
531 1151 745 1218 ἀντιδοξοῦντας
767 1154 782 1214 ὑ
806 1153 883 1219 θεός.

294 1253 341 1315 17.
384 1250 491 1315 Ἐκεῖνο
515 1252 540 1315 δ’
569 1253 620 1315 οὑκ
648 1254 759 1323 ἀνάξιον
788 1256 970 1337 διαπορῆσαι,
993 1255 1054 1317 τίνα
1082 1254 1186 1339 τρόπον
1214 1253 1294 1318 ἔσται
1322 1258 1451 1337 παλιγγε-

208 1356 302 1430 νεσία,
326 1358 438 1417 πάντων
462 1358 502 1423 εἰς
523 1360 579 1438 πῦρ
602 1357 815 1419 ἀναλυθέντων.
859 1357 1090 1439 ἐξαναλωθείσης
1112 1359 1166 1441 γάρ
1192 1363 1244 1440 τῆς
1270 1358 1368 1426 οὐσίας
1393 1357 1448 1418 ὑπὸ

158 1480 189 1525 10
208 1457 306 1541 πυρός,
330 1458 439 1542 ἀνάγκη
458 1460 553 1522 καὶτὸ
571 1458 574 1542 Ι
593 1464 648 1542 πῦρ
671 1456 764 1521 οὐκέτ’
792 1456 860 1543 ἔχον
882 1460 991 1543 τροφὴν
1012 1461 1239 1544 ἀποσβεσθῆναι.
1279 1463 1410 1543 μένοντος
1431 1476 1505 1519 νονιι.

208 1563 258 1644 μὲν
271 1559 331 1636 οῦν,
347 1563 362 1623 ὑ
380 1564 572 1645 σπερματικὸς
587 1569 639 1645 τῆς
651 1564 870 1646 διακοσμήσεως
882 1561 1001 1634 ἐσώζετ)
1018 1562 1079 1645 (ἀν)
1093 1563 1187 1643 λόγος,
1203 1564 1404 1648 ἀναιρεθέντος
1420 1565 1451 1626 δὲ

209 1663 413 1748 συνανῄρηται.
458 1668 490 1728 τό
514 1665 539 1728 δ’
567 1664 643 1728 ἔστιν
666 1664 809 1747 ἔκθεσμον
832 1668 880 1729 καὶ
903 1666 1039 1750 ἀσέβημα
1062 1665 1118 1749 ἤδη
1142 1669 1270 1735 διπλοῦν,
1300 1667 1338 1749 μη
1363 1665 1449 1748 μόνον

207 1768 319 1852 φθορὰν
342 1773 392 1830 τοῦ
415 1769 525 1849 κόσμου
548 1775 716 1853 κατηγορεῖν
739 1769 813 1831 ἀλλά
836 1771 883 1832 καὶ
906 1770 1120 1851 παλιγγενεσίαν
1138 1771 1273 1853 ἀναιρεῖν,
1296 1771 1395 1853 ὥσπερ
1418 1771 1447 1832 ἐν

208 1873 335 1954 ἀκοσμίᾳ
358 1872 405 1933 καὶ
428 1872 550 1954 ἀπραξίᾳ
577 1874 623 1934 καὶ
646 1878 705 1941 τοῖς
731 1872 914 1955 πλημμελέσι
942 1877 1011 1935 πᾶσι
1037 1872 1190 1956 χαίροντος
1217 1875 1296 1935 θεοῦ.
1342 1873 1390 1934 τὸν
1418 1872 1449 1934 δὲ
1476 1887 1490 1928 ὅ

156 1994 185 2041 15
205 1973 288 2056 λόγον
312 1974 514 2057 ἀκριβέστερον
537 1976 596 2037 ώδε
618 1975 821 2057 διερευνητέον.
867 1977 955 2059 πυρός
976 1977 1084 2058 τριττὸν
1100 1974 1191 2043 εἶδος·
1215 1976 1248 2036 τὸ
1265 1975 1316 2057 μὲν
1332 1974 1449 2058 ἀνθραξ,

207 2078 238 2138 τὸ
263 2077 294 2139 δὲ
316 2077 399 2160 φλόξ,
421 2078 453 2139 τδ
477 2078 508 2139 δὲ
532 2077 617 2159 αὐγή.
662 2078 769 2161 ἄνθραξ
799 2080 850 2160 μὲν
877 2077 926 2140 οὑν
950 2079 1010 2140 ἐστι
1038 2082 1093 2161 πῦρ
1120 2077 1151 2138 ἐν
1180 2076 1265 2159 οὐσία
1291 2079 1405 2157 γεώδει,
1433 2076 1448 2139 δ

206 2177 310 2262 τρόπον
334 2178 422 2247 ἕξεως
444 2185 639 2262 πνευματικῆς
661 2184 833 2263 περώλευκε
856 2183 903 2243 καὶ
926 2182 1036 2264 ἑλλοχᾷ
1059 2179 1095 2242 δι’
1125 2180 1195 2264 ὑλης
1222 2180 1291 2264 ἄχρι
1317 2181 1449 2263 περάτων

207 2281 372 2364 τεταμένον.
417 2282 487 2364 φλὸξ
510 2281 542 2343 δέ
564 2281 639 2344 ἐστιν
663 2281 733 2365 ὅπερ
761 2284 794 2345 ἐκ
817 2289 926 2367 τροφῆς
953 2282 1061 2365 αἴρεται
1089 2285 1345 2366 μετεωριζόμενον,
1375 2281 1449 2363 “lli

205 2385 237 2446 δὲ
254 2385 285 2447 τὸ
302 2383 548 2465 ἀπυστελλὺμενον
572 2384 605 2446 ἐκ
620 2385 735 2468 φλογός,
759 2387 895 2468 συνεργὸν
912 2387 1097 2469 ὑρθαλαμοῖς
1119 2387 1160 2453 είς
1182 2387 1234 2467 τὴν
1256 2390 1312 2446 τών
1335 2385 1447 2467 ὑρατῶν

155 2507 188 2553 20
207 2487 365 2571 ἀντίληψιν.
410 2487 501 2570 μέσην
524 2487 557 2549 δὲ
572 2490 672 2570 χώραν
688 2487 780 2571 αὐγῆς
795 2512 825 2550 τε
841 2491 888 2551 καὶ
904 2488 1047 2570 ἀνθρακος
1062 2488 1165 2572 εἴληχε
1180 2486 1265 2571 φλόξ·
1290 2488 1448 2571 σβεσθεῖσα
1462 2504 1490 2544 νυ

206 2592 257 2672 μὲν
280 2593 334 2674 γάρ
357 2590 397 2658 είς
419 2589 550 2672 ἄνθρακα
572 2593 701 2673 τελευτᾷ,
726 2590 934 2675 ζωπυρουμένη
959 2590 983 2653 δ’
1005 2589 1069 2675 ἔχει
1090 2590 1204 2672 φέγγος,
1227 2589 1243 2652 δ
1266 2591 1317 2673 τὴν
1337 2611 1448 2652 καυστι-

204 2694 257 2776 κὴν
291 2693 479 2776 ἀρηρημένον
514 2692 631 2774 δύναμιν
666 2693 830 2776 ἀστράπτει.
876 2695 902 2755 εί
934 2694 1007 2756 κατὰ
1039 2694 1090 2775 τἠν
1124 2692 1285 2777 ἐκπύρωσιν
1319 2691 1368 2754 οὑν
1400 2694 1449 2755 τὸν

207 2795 315 2877 κόσμον
339 2796 514 2858 ἀναλύεσθαι
536 2800 653 2878 φαῖμεν,
676 2795 783 2880 ἄνθραξ
813 2796 864 2876 μὲν
892 2795 945 2859 οὑκ
967 2796 1001 2858 ἂν
1031 2796 1150 2870 γένοιτο,
1179 2793 1249 2857 διότι
1276 2796 1450 2878 παμπληθὲς

204 2899 388 2982 ὑπολείψεται
417 2903 467 2960 τοῦ
494 2900 636 2980 γεώδους,
664 2894 689 2982 ᾦ
716 2900 749 2960 τό
778 2902 833 2982 πῦρ
863 2899 1088 2982 ἐγκατειληφθαι
1115 2899 1306 2982 συμβέβηκεν.
1334 2897 1450 2980 ἀρέσκει

156 3023 189 3071 ‘25
209 3005 241 3067 δὲ
264 3003 353 3085 μηδὲν
375 3000 441 3063 τότε
462 3008 519 3062 τῶν
547 3001 643 3062 ἀλλων
671 3002 826 3084 ὑφεστάναι
854 3002 1012 3083 σωμάτων,
1040 3001 1114 3062 ἀλλὰ
1141 3005 1194 3083 γῆν
1221 3002 1269 3064 καὶ
1296 3001 1373 3084 ὕδωρ
1400 3005 1448 3064 καὶ
1464 3015 1490 3057 ιε

157 3211 166 3261 l
199 3208 281 3266 ἄλλοις
303 3206 420 3274 suppleri
443 3206 486 3270 (ef.
505 3208 536 3258 de
554 3207 608 3257 rita
626 3206 688 3257 llos.
708 3208 802 3257 testim.
826 3207 858 3257 arl
881 3206 952 3271 llll)
1071 3208 1238 3275 παριστάμενα
1256 3211 1284 3258 Μ
1399 3208 1414 3258 1
1444 3207 1501 3275 βίῳ]

155 3296 196 3365 βίᾳ
215 3300 236 3348 L
362 3294 378 3345 5
406 3295 519 3345 ὑπονοεῖν
538 3294 630 3360 scripsi
649 3293 691 3358 (cf.
715 3294 786 3357 14,θ.
807 3293 912 3356 23‚14):
937 3293 1012 3345 εἰπεῖν
1031 3292 1090 3344 libri
1217 3292 1232 3343 6
1260 3293 1338 3363 αὑτὴν
1357 3299 1416 3346 LV:
1441 3293 1501 3345 αὑτὸ

152 3387 204 3436 ΡΜ
322 3381 336 3432 7
365 3380 422 3438 θεὸς
440 3383 501 3446 (orn.
521 3380 544 3443 ὑ)
565 3385 587 3428 V
712 3381 728 3431 8
756 3375 780 3431 δ’
800 3378 846 3430 οῦκ
867 3378 965 3438 ἀνάξιον
985 3380 1113 3447 Βειυυγντ
1139 3378 1166 3430 δ’
1184 3378 1231 3431 οὑκ
1250 3379 1316 3438 ἄξιον
1336 3385 1448 3433 LVPll:
1474 3380 1502 3432 δ’

153 3504 219 3564 ἄξιον
240 3508 275 3554 ll:
294 3498 319 3554 δ’
337 3501 380 3554 οὑν
399 3501 466 3561 ἄξιον
487 3502 626 3553 Buecheler
731 3500 746 3552 9
766 3461 949 3552 ἀναλώθέντων
963 3504 986 3549 V
1092 3500 1290 3571 ἐξαναλωθείσης
1308 3506 1399 3554 PME:
1418 3501 1503 3561 ἐξανα·

152 3589 266 3659 λυθείσης
283 3594 329 3642 LV
456 3591 483 3640 ll
514 3588 615 3649 ἐσώζεά
633 3589 662 3639 ἄν
681 3589 764 3641 Diels:
783 3588 889 3648 ἐσώζετο
908 3588 967 3639 libri
1089 3589 1195 3648 ἐσώζετο
1213 3587 1286 3658 λόγος
1303 3593 1349 3658 τῆς
1367 3588 1502 3658 διακοσμίρ

152 3695 215 3735 σεως
234 3683 255 3729 E
362 3675 532 3745 ἀναιρεθέντος
550 3681 636 3729 LPlll:
657 3674 823 3732 ἀναλυθέντος
841 3679 888 3726 Vl]
998 3675 1029 3727 12
1047 3674 1076 3726 τδ
1095 3675 1121 3726 δὲ
1141 3672 1161 3728 E
1285 3677 1315 3728 13
1335 3675 1418 3744 ὥσπερ
1437 3676 1462 3728 ἐν
1481 3681 1503 3729 L

152 3766 194 3830 (cl.
213 3765 307 3818 Cohnii
326 3765 422 3831 proleg.
441 3781 466 3831 μ.
479 3765 548 3827 Lll):
568 3762 650 3835 ὥσπερ
669 3768 785 3816 VPME:
805 3762 888 3832 ὥσπερ
908 3761 936 3814 ἀν
959 3765 1026 3815 coni.
1047 3763 1187 3815 Buecheler
1302 3764 1332 3816 15
1351 3763 1400 3815 ὧδε
1418 3767 1500 3816 LVP:

152 3853 199 3923 ἤδη
220 3856 272 3904 ΜΕ
368 3851 398 3902 16
418 3851 482 3903 ἐστιν
502 3854 530 3902 Μ
627 3850 697 3920 υὺσίρι
716 3867 766 3902 om.
784 3854 832 3901 VE
930 3849 959 3901 ll
978 3850 1117 3920 πεφόλευκε
1134 3854 1164 3902 Μ
1256 3851 1286 3903 18
1304 3852 1456 3919 τετάμμενον
1473 3854 1502 3903 Μ

152 3940 381 4009 μετεοριζόμενυιε
487 3939 520 3989 ‘20
538 3957 565 3989 τε
584 3953 633 3989 om.
652 3942 677 3987 V
782 3935 896 4005 σβεθτῖσα
916 3941 938 3986 V
1039 3938 1068 3989 21
1091 3938 1254 4006 καντικὴνΡ
1362 3938 1394 3990 ‘23
1414 3945 1503 4008 φαῖμεν

152 4029 304 4080 Buecheler:
324 4033 411 4095 φῶμεν
430 4043 443 4077 e
462 4043 543 4094 φαμεν
562 4040 625 4077 corr.
645 4029 678 4076 V:
697 4031 784 4092 φῶμεν
804 4026 901 4076 LPME
1014 4024 1047 4076 24
1074 4023 1232 4095 ὑπολείψεται
1254 4027 1380 4078 'l'urneb.:
1410 4024 1502 4093 ὑπολη-

152 4117 224 4183 ψεται
243 4116 301 4167 libri
327 4118 359 4179 (E
379 4129 481 4181 quoque
500 4114 616 4181 quamvis
635 4112 786 4182 ὑπολήψεως
805 4112 888 4163 Aldus
907 4112 1009 4175 habeat)
1136 4110 1170 4179 ὡ]
1191 4112 1226 4169 ώς
1244 4118 1268 4165 V
1392 4115 1503 4180 ἐγκατει-

151 4203 246 4272 λῖγρθαι
266 4207 300 4253 ll:
320 4199 513 4270 ἐγκατειλεῖσθαι
532 4203 620 4252 LVM:
641 4198 878 4268 ἐγκαταλελμῖσθαι)
898 4203 917 4251 Ρ
1025 4199 1168 4268 συμβέβηκε
1188 4203 1208 4250 L

155 4394 164 4443 l
187 4393 251 4444 Plat.
265 4391 372 4443 Phaedr.
387 4391 437 4442 245>
451 4394 479 4442 (ἵ.
510 4389 579 4460 ψυχὴ
593 4395 659 4441 πᾶσα
678 4387 813 4448 ἀθάνατος·
832 4391 919 4463 τὸγὰρ
938 4389 1078 4458 ἀεικίνητον
1092 4386 1227 4440 ἀθάνατον·
1247 4387 1276 4440 τὸ
1294 4386 1319 4440 δ’
1339 4389 1399 4442 ἀλλο
1418 4396 1502 4444 κινοῦν

152 4480 195 4530 καὶ
213 4475 257 4530 ὑπ’
278 4477 354 4529 ἄλλον
373 4478 520 4544 κινοῦμενον
539 4475 635 4529 παῦλαν
654 4476 711 4546 ἔχον
731 4477 856 4547 κινήσεως
873 4482 969 4530 παῦλαν
989 4477 1040 4548 ἔχει
1059 4478 1126 4544 ζωῆς
1226 4478 1256 4527 Ῑθ
1277 4477 1313 4529 lle
1332 4477 1392 4541 opif.
1413 4478 1501 4530 mundi

154 4566 184 4616 l'l
205 4566 257 4632 (17,
268 4567 297 4617 ll
312 4567 343 4630 C)
362 4571 444 4635 γρεῖος
523 4561 653 4631 ὀφθαλμὸς
671 4563 696 4616 δὲ
715 4564 800 4632 φωτὸς
818 4567 852 4624 είς
864 4567 910 4636 τὴν
922 4571 974 4617 τιῖιν
994 4565 1119 4631 σωμάτων
1139 4562 1269 4635 ἀντθηψιν
