3532 5394
599 368 679 425 11131'1
700 366 893 424 ΑΦΘΑΡΣΙΑΣ
911 386 932 422 ο.
946 371 1015 422 1-8

430 547 493 630 ῥεῖά
515 543 539 607 τ’
567 546 709 632 ἀριγνώτη
733 544 860 612 πέλεται.
882 543 969 606 καλαὶ
992 542 1024 605 δέ
1046 565 1077 604 τε
1098 546 1198 606 πᾶσαν.

186 648 249 711 ἀλλ’
281 649 307 712 εί
334 647 410 712 τοῦτ’
438 649 549 732 ἀληθές
580 649 651 716 ἐστι,
684 649 796 732 φθορὰν
825 648 841 709 ό
873 646 981 739 κόσμος
1007 645 1041 708 οῦ
1068 645 1186 715 δέξεται.
1233 646 1282 709 όιά
1307 647 1335 707 τί
1342 670 1349 725 ;
1384 642 1429 706 ότι

184 753 204 834 ή
228 750 394 836 συνέχουσα
415 750 501 835 φύσις
523 751 609 814 αὐτόν
633 749 775 834 ἀήττητός
797 749 857 812 ἐστι
880 751 953 812 κατὰ
976 749 1086 831 πολλὴν
1110 749 1210 834 ίσχύος
1234 750 1347 833 ῥώμην,
1369 752 1428 809 τῶν

185 853 281 916 ἀλλων
304 853 359 916 όσα
382 855 517 938 βλάπτειν
541 850 661 935 ἔμελλεν
684 852 895 921 ἁπαξαπάντων
918 851 1122 934 ἐπικρατοῦσα.
1168 853 1282 914 διὸκαὶ
1307 850 1428 914 Πλάτων

149 976 165 1024 5
184 955 216 1020 εύ
234 954 341 1040 ιἀπήει
356 980 386 1019 τε
400 954 458 1040 γάρ’
481 977 568 1041 φησιν
585 953 685 1019 (οὐδὲν
699 954 768 1019 οῦῦὲ
785 953 789 1039 Ι
806 953 929 1038 προσήει
945 953 1025 1038 αὐτῷ
1043 953 1145 1017 ποθέν·
1170 953 1321 1037 οὐδὲνγὰρ
1343 952 1389 1039 ήν.
1411 968 1482 1011 εονυ.

186 1058 257 1123 αὐτὸ
279 1059 333 1143 γὰρ
356 1059 452 1143 ἑαυτῷ
480 1060 589 1142 τροφήν
612 1059 664 1142 τὴν
687 1059 792 1121 ἑαυτοῦ
815 1057 912 1142 φθίσιν
940 1056 1069 1140 παρέχον
1094 1057 1140 1120 καὶ
1163 1055 1247 1119 πάντ’
1272 1056 1302 1119 ἐν
1330 1057 1426 1141 ἑαυτῷ

183 1164 231 1225 καὶ
254 1160 303 1246 ὑφ’
330 1162 435 1224 ἑαυτοῦ
458 1163 572 1245 πάσχον
595 1162 644 1224 καὶ
667 1162 742 1243 δρῶν
766 1160 798 1223 ἐκ
821 1159 929 1244 τέχνης
951 1159 1079 1240 γέγονεν·
1101 1160 1232 1242 ήγήσατο
1247 1159 1301 1243 γὰρ
1315 1157 1425 1236 αῦτόό

186 1267 299 1333 συνθεὶς
320 1262 460 1347 αὔταρκες
483 1263 514 1328 όν
538 1263 654 1346 ἄμεινον
676 1260 796 1327 ἔσεσθαι
819 1265 928 1345 μᾶλλον
951 1262 970 1344 ἦ
994 1260 1148 1344 προσῦεέςῖ

268 1367 298 1430 8.
339 1365 635 1434 Ἀποῦεικτικώτατός
657 1387 689 1447 γε
714 1366 770 1448 μὴν
793 1366 924 1433 κάκεῖνος
947 1367 963 1428 ό
985 1364 1071 1446 λόγος
1092 1365 1177 1439 ἐστίν,
1201 1362 1247 1449 ἐφ’
1268 1362 1293 1448 ᾤ
1311 1364 1428 1448 μυρίους

137 1491 169 1538 ιο
188 1469 252 1533 οίόα
276 1469 504 1551 σεμνυνομένους
527 1472 567 1537 ὡς
589 1468 782 1552 ήκριβωμένιρ
810 1469 859 1531 καὶ
886 1469 959 1530 πάνυ
987 1467 1191 1552 άνεξελέγκτιρ.
1236 1468 1429 1530 πυνθάνονται
1454 1482 1469 1525 ε

185 1575 248 1656 γάρ,
270 1573 345 1640 τίνος
367 1570 451 1635 ἕνεκα
472 1573 521 1634 τὸν
544 1571 652 1652 κόσμον
675 1572 787 1654 φθείρει
803 1571 819 1633 ό
836 1570 912 1639 θεός.
951 1569 1014 1653 ἤτοι
1035 1570 1090 1654 γάρ
1108 1580 1111 1649 ξ
1129 1570 1266 1654 ύπὲρζτοῦ
1284 1572 1385 1654 μηκέτι
1406 1588 1482 1632 οοοιι,

183 1680 410 1758 κοσμοποιήσαι,
444 1675 463 1757 ῗη
497 1675 570 1758 ὑπὲρ
603 1677 655 1736 τοῦ
688 1672 784 1757 ἕτερον
811 1675 1033 1736 κατασκευάσαι.
1081 1674 1114 1735 τό
1142 1675 1194 1756 μὲν
1221 1675 1257 1757 δὴ
1287 1673 1425 1758 πρότερον

185 1778 333 1862 ἀλλότριον
357 1781 441 1840 θεοῦ·
465 1778 537 1859 πρὸς
558 1777 633 1846 τάξιν
656 1775 710 1860 γὰρ
733 1776 848 1846 ἀταξίαν
865 1774 1054 1860 μεταβάλλειν
1077 1776 1153 1849 δέον,
1177 1775 1211 1838 οῦ
1227 1777 1298 1860 πρός
1312 1778 1428 1846 ἀταξίαν

188 1880 277 1950 τάξιν·
301 1880 364 1942 εἶτα
385 1877 410 1944 δ’
432 1879 475 1942 ότι
497 1880 546 1942 καλ
570 1880 731 1961 μετάνοιαν,
755 1880 849 1947 πάθος
872 1881 918 1942 καὶ
942 1879 1057 1964 νόσημα
1086 1879 1195 1949 δέξεται
1216 1885 1322 1965 ψυχῆς.
1368 1879 1427 1944 ἔδει

135 2005 166 2053 15
185 1984 238 2068 γάρ
262 1985 303 2067 μὴ
328 1988 540 2066 κοσμοποιήσαι
570 1984 602 2045 τό
630 1984 779 2064 παράπαν,
812 1983 831 2064 ή
865 1985 996 2067 κρίνοντα
1031 1983 1139 2067 πρέπον
1171 1981 1249 2065 αὐτῷ
1282 1983 1314 2044 τὸ
1346 1981 1428 2066 ἔργον
1443 1999 1470 2041 1ο

186 2090 294 2173 χαίρειν
317 2090 360 2170 τῷ
385 2085 542 2169 γενομένην.
588 2084 620 2146 τό
647 2085 680 2147 δὲ
706 2084 838 2168 δεύτερον
865 2083 944 2154 ἄξιόν
972 2109 1027 2148 που
1059 2084 1194 2169 βραχείας
1221 2083 1349 2168 ἐρεύνης.
1399 2087 1425 2149 εἰ

183 2191 238 2274 γάρ
261 2189 357 2274 ἕτερον
381 2190 442 2252 ἀντὶ
466 2192 515 2251 τοῦ
538 2191 586 2250 νῦν
610 2185 690 2254 ὄντος
713 2189 932 2263 κατασκευάσει,
955 2191 1069 2257 πάντως
1089 2186 1269 2269 όγενόμενος
1285 2187 1303 2270 ἦ
1320 2189 1427 2272 χείρων

181 2294 200 2376 ή
224 2290 324 2373 όμοιος
346 2292 365 2374 ἢ
388 2292 524 2376 κρείττων
547 2289 828 2371 ἀποτελεσθήσεται·
852 2291 893 2352 ὧν
917 2291 1037 2354 ἕκαστον
1060 2291 1226 2375 ἐπιληπτον.
1250 2291 1275 2353 εί
1299 2291 1426 2375 μὲνγὰρ

182 2396 289 2480 χείρων
316 2394 332 2455 ό
358 2395 476 2475 κόσμος,
500 2393 606 2477 χείρων
630 2394 677 2456 καὶ
706 2390 709 2477 i
739 2394 754 2455 ό
781 2393 961 2476 δημιουργός.
1006 2395 1153 2476 ἀμώμητα
1174 2393 1273 2455 δὲκαὶ
1298 2394 1389 2463 ἀνεξέ-
1411 2411 1483 2456 Mirr.

132 2521 165 2566 νο
184 2502 288 2579 λεγκτα
314 2497 363 2559 καί
390 2494 616 2579 ἀνεπανόρθωτα
645 2496 680 2558 τά
706 2499 756 2558 τοῦ
784 2496 855 2558 θεοῦ
888 2498 1055 2579 τελειοτάτη
1082 2495 1172 2580 τέχνη
1203 2497 1249 2558 καί
1279 2496 1427 2583 ἐπιστήμη

186 2597 449 2685 ῦημιουργηθέντα·
468 2594 568 2659 ‘0153'
588 2598 641 2680 γὰρ
661 2598 764 2682 (γυνή’
785 2599 858 2682 φασί
873 2598 1025 2661 ξτοσσόνδε
1047 2596 1113 2660 νόου
1129 2598 1290 2661 ἐπιόεύεται
1311 2600 1428 2678 ἐσθλοῦ,

183 2706 259 2767 ὥστε
300 2698 423 2786 χερείυν’
466 2699 586 2762 ἑλέσθαι
628 2699 836 2784 ἀμεινοτέρων]
887 2701 1032 2783 ἐμπρεπὲς
1067 2700 1099 2762 δὲ
1139 2702 1202 2785 θεῷ
1239 2701 1275 2764 τὰ
1311 2701 1429 2789 άμοργοα

133 2962 143 3013 1
165 2960 217 3029 ῥεῖά
235 2955 260 3011 τ’
272 2959 394 3024 Mangey:
414 2955 467 3027 ῥεῖά
485 2951 510 3006 θ’
525 2955 584 3007 libri
678 2955 785 3009 ἀτοῦτο
805 2961 829 3007 V
917 2959 933 3008 4
953 2955 1137 3016 ἁπαξαπάντων
1155 2963 1239 3011 LVE:
1259 2959 1376 3013 ἁπάντων
1396 2966 1445 3014 ΡΜ

129 3048 146 3100 5
172 3047 273 3116 ἀπήιιτι
293 3048 351 3096 LE:
379 3041 468 3111 ἀπίητε
488 3046 529 3094 M:
558 3042 629 3095 ἄπιτε
648 3047 685 3094 V:
713 3045 799 3097 oblitr.
825 3047 892 3098 inP
1003 3046 1060 3097 οῦδὲ
1079 3050 1099 3097 L
1123 3052 1148 3098 ei
1169 3046 1254 3098 Plato:
1283 3044 1341 3100 ούτε
1359 3053 1480 3102 VMl’rv:

129 3134 173 3186 οῦν
196 3153 212 3185 a
323 3132 426 3203 πρυσήει
445 3135 478 3182 L:
499 3129 600 3200 προσείη
619 3135 702 3183 VEl’:
722 3131 810 3201 προσίη
830 3136 870 3184 M:
891 3128 1007 3206 πρυσήειν
1028 3134 1099 3185 Plato
1206 3133 1262 3186 οῦδὲ
1280 3136 1326 3204 γὰρ
1344 3135 1375 3204 ήν
1395 3137 1480 3190 Plato:

130 3237 178 3273 orn.
198 3223 245 3271 Vi}
343 3217 439 3269 θαύτὸ
458 3221 493 3268 E:
522 3217 597 3275 αύτός
623 3222 723 3271 LVPM
853 3219 947 3290 φθίσιν]
976 3221 1046 3291 φύσιν
1075 3241 1103 3273 vr
1209 3222 1317 3293 παρέχον
1341 3224 1482 3278 εΡΙοῐοαυ

129 3311 252 3376 Mangey:
279 3305 398 3378 παρέχων
416 3304 476 3356 libri
591 3303 669 3356 πάντ’
687 3310 719 3357 L:
745 3308 826 3359 πάντα
849 3312 949 3360 VPME
1069 3308 1084 3359 7
1113 3310 1207 3380 πάσχον
1225 3311 1348 3378 Mangey:
1377 3314 1482 3386 πάσχων

128 3397 188 3449 libri
312 3399 372 3460 post
394 3393 493 3461 γέγονεν
512 3391 571 3443 add.
590 3392 691 3462 ἀρίστης
710 3396 731 3444 1}
865 3397 910 3465 γὰρ
930 3410 979 3447 om.
999 3400 1020 3447 11
1145 3395 1206 3448 αότό
1231 3401 1320 3449 1'1112:
1349 3415 1381 3451 ex
1405 3399 1482 3453 αὐτοῦ

129 3484 183 3535 sire
206 3480 276 3550 αύτηῑ
303 3496 366 3532 corr.
385 3480 431 3530 L¹r
459 3477 535 3535 αὐτὸς
552 3482 577 3528 V
692 3480 708 3531 8
736 3479 924 3540 ξυνθι1ςΡ1οῐο
1042 3481 1070 3535 όν
1088 3487 1171 3535 LVE:
1196 3482 1227 3552 ήν
1249 3488 1301 3537 PM
1423 3495 1482 3556 post

129 3569 243 3638 προςθεὲς
260 3585 292 3621 ex
306 3567 370 3620 Piat.
384 3566 442 3618 add.
461 3565 545 3617 ἄλλων
558 3570 580 3617 E
600 3571 626 3618 et
638 3567 746 3635 Mungey
855 3569 887 3620 10
904 3569 1086 3640 ἠκριβωμένων
1100 3575 1121 3623 L
1227 3570 1444 3642 ἀνιξελέγκτωνῐ.

132 3659 160 3709 11
182 3658 292 3709 ἕνεκεΙ.
403 3655 432 3706 13
454 3650 602 3722 μεταβαλεῖν
622 3656 690 3706 coni.
711 3655 780 3706 Diels
889 3658 919 3708 14
937 3656 1066 3729 θέχεταιτ
1175 3657 1203 3709 15
1222 3659 1268 3728 γάρ
1286 3658 1303 3729 ἡ
1322 3660 1392 3730 μήιι

133 3745 163 3795 16
183 3743 251 3814 ἄξιόν
268 3760 317 3794 που
329 3742 434 3809 scripsi:
453 3740 522 3800 ἄξιον
535 3739 564 3792 ού
579 3741 635 3793 iibri
746 3743 776 3794 17
795 3742 921 3811 γενόμενος
935 3748 1003 3796 roni.
1019 3745 1158 3798 Buecheler
1266 3748 1353 3800 11.18
1371 3749 1481 3823 ήκριίτ-

130 3850 182 3883 των
201 3831 216 3899 ἡ
237 3829 322 3898 όμοιος
340 3833 362 3880 E
505 3828 539 3880 20
556 3828 709 3898 τελειοτάτη]
728 3832 760 3882 ’.ἀ
778 3831 921 3900 τελειοτάτη
940 3836 974 3882 L:
1002 3831 1045 3883 όίτε
1064 3832 1206 3904 τελειοτάτη
1228 3834 1342 3902 Bernays

130 3920 161 3971 21
183 3917 240 3970 οῦδὲ
259 3955 334 3969 .....
354 3916 520 3984 ἀμεινοτέρων
539 3932 589 3968 orn.
608 3921 629 3967 E
754 3919 812 3987 φασὶ
832 3919 902 3971 iibri:
922 3919 982 3988 φησὶ
1000 3921 1109 3987 Maugey
1231 3921 1332 3974 τοσόνδε
1351 3927 1402 3975 ΡΜ

130 4004 267 4058 ἐπιόεύεται
286 4007 348 4058 PV:
367 4002 536 4073 ἐπιτηδεύεται
555 4007 595 4055 M:
615 4002 765 4058 ίπιλείπεται
784 4009 806 4057 L
912 4005 945 4058 22
964 4003 1073 4079 χερείυν’
1094 4008 1223 4061 Meineke:
1243 4011 1340 4082 χέρειον
1358 4010 1416 4063 iibri

130 4096 189 4160 post
207 4092 373 4162 άμεινοτέρων
392 4106 440 4143 orn.
462 4091 535 4143 Philo
554 4090 698 4162 παριόντων
814 4092 937 4164 ἐμπρεπὲς
954 4099 1018 4146 LM:
1039 4093 1156 4164 εὐπρεπὲς
1177 4096 1324 4148 Vihobiitt.
1343 4098 1371 4149 in
1390 4103 1410 4151 P

129 4183 168 4249 τῷ
186 4178 239 4247 θεηί
259 4183 281 4229 V

129 4422 146 4472 4
175 4421 248 4473 Plato
272 4422 340 4472 Tim.
364 4418 423 4470 330.
563 4418 594 4469 13
626 4420 789 4472 Aristotelem
817 4437 857 4486 ap.
880 4420 933 4474 Cic.
954 4422 1033 4475 λοοιλ
1057 4439 1094 4490 pr.
1113 4424 1134 4475 11
1157 4423 1257 4487 38,119
1287 4425 1387 4477 confert
1414 4428 1481 4480 Rose

130 4509 147 4560 1.
158 4525 179 4560 υ.
193 4508 265 4572 37‚:·r.
359 4507 393 4557 ‘20
411 4507 592 4574 Versusignoti
611 4513 702 4573 poetae
724 4509 805 4575 Bergk
828 4509 989 4575 Ροαι,1ρν.11
1007 4510 1040 4562 73
1059 4513 1142 4574 ω1.1;
1162 4512 1192 4563 τί.
1214 4513 1338 4580 (iomperr
1358 4513 1478 4564 Zeitschr.

122 4597 172 4665 fir
190 4605 276 4646 θείειν.
298 4593 449 4662 Gymnasien
469 4594 553 4664 (xri)
580 4592 645 4646 18111)
667 4610 692 4662 p.
708 4594 767 4647 817.
