3532 5394
684 362 760 420 ΠΕΡΙ
782 363 975 419 ΑΦΘΑΡΣΙΑΣ
995 382 1017 418 α.
1033 367 1062 418 11
1506 365 1546 427 19

251 539 282 600 ἐν
313 543 375 607 ταῖς
407 542 571 621 μειώσεσιν.
622 537 687 621 όρος
718 537 744 600 δ’
776 539 792 600 ό
826 542 882 598 τῶν
911 530 1049 599 ἀνωτάτω
1082 537 1204 620 βαθμῶν
1236 537 1331 621 ἀκμή,
1364 537 1434 621 πρὸς
1462 534 1493 597 δν

254 643 370 725 φθάσας
402 665 444 709 τις
478 640 573 703 οὐκέτι
616 639 752 723 πρόεισιν,
787 638 861 716 ἀλλ’,
889 640 987 723 ὥσπερ
1015 642 1041 702 οἱ
1069 642 1343 724 διαυλοδρομυϋντες
1370 641 1496 721 ἀνακάμ·

255 766 356 807 πτουσι
378 745 429 826 τἠν
452 743 542 823 αὐτὴν
566 743 643 815 όδόν,
666 741 721 804 όσα
744 742 810 826 παρ’
838 742 997 826 ἰσχυοόσης
1024 742 1159 826 νεότητος
1186 741 1296 827 ἔλαβεν,
1325 743 1498 805 ἀποδίδωσιν

255 848 374 910 ἀσθενεῖ
394 848 482 929 γήρᾳ·
507 847 537 906 τδ
554 846 585 907 δὲ
601 845 776 929 γεννηθηναί
796 866 872 911 τινας
896 845 898 927 ξ
924 843 1036 907 οἴεσθαι
1052 847 1178 913 τελείους
1197 843 1381 929 ηγνυηκότων
1397 845 1457 908 ἐστὶ
1479 860 1550 904 εειυ.

225 970 240 1016 5
261 949 364 1030 νόμους
387 949 512 1032 φύσεως,
536 949 664 1028 θεσμοὺς
685 948 847 1029 ἀκινήτους.
893 950 923 1010 αἱ
947 949 997 1030 μὲν
1020 948 1073 1031 γὰρ
1096 947 1233 1030 ἡμέτεραι
1254 952 1365 1030 γνῶμαι
1392 969 1498 1032 προσα-

257 1050 467 1133 ναματτόμεναι
490 1051 522 1111 τό
546 1052 712 1133 πλημμελὲς
737 1051 768 1112 ἐκ
785 1055 835 1113 τοῦ
852 1049 1076 1132 συνεζευγμένου
1098 1050 1205 1132 θνητοῦ
1228 1050 1335 1133 τροπὰς
1351 1052 1398 1112 καὶ
1414 1074 1497 1133 μετα-

256 1153 344 1239 βολάς
366 1154 485 1219 εἰκότως
508 1152 688 1236 ἐνδέχονται,
711 1153 837 1237 ἄτρεπτα
860 1154 892 1216 δὲ
914 1154 949 1216 τὰ
965 1159 1017 1236 τῆς
1032 1158 1089 1214 τῶν
1112 1150 1187 1214 δ’λων
1211 1153 1271 1216 ἐστὶ
1294 1154 1419 1238 φάσεως,
1442 1153 1493 1215 ἀτε

257 1258 371 1319 πάντων
395 1256 605 1339 ἐπικρατούσης
628 1257 675 1317 καὶ
702 1256 748 1317 διά
771 1255 946 1340 βεβαιότητα
973 1261 1030 1317 τῶν
1058 1255 1133 1323 ἅπαξ
1159 1256 1347 1336 γνωσθέντων
1377 1256 1442 1324 τοὺς
1465 1255 1494 1325 ἐξ
1521 1271 1535 1313 ε

257 1360 352 1443 ἀρχῆς
385 1358 524 1440 παγέντας
555 1357 641 1441 ὅρους
669 1359 820 1442 ἀκινήτους
852 1358 1106 1443 διαφυλαττοὺσης.
1153 1357 1232 1441 εἴπερ
1267 1357 1316 1421 οὖν
1351 1357 1491 1442 ἁρμόττον

203 1483 234 1528 10
254 1462 383 1544 ἐνόμιζεν
407 1461 611 1524 ἀποτίκτεσθαι
639 1463 774 1533 τελείους,
802 1463 849 1524 καὶ
878 1466 925 1523 νῦν
954 1460 988 1522 ἀν
1018 1460 1234 1541 ἐτελειυγονεῖτο
1262 1459 1426 1544 ἅνθρωπος,
1455 1462 1495 1544 μὴ

255 1565 369 1649 βρέφος,
399 1565 439 1646 μὴ
468 1570 545 1632 παῖς.
567 1565 607 1647 μὴ
637 1567 783 1649 μειράκιον
810 1564 967 1647 γινόμενος.
990 1561 1050 1624 ἀλλ’
1083 1563 1155 1646 ἀνἠρ
1182 1563 1270 1631 εὐθὺς
1297 1564 1348 1637 ὥν,
1372 1563 1442 1632 ἴσως
1464 1564 1497 1625 δὲ

255 1669 302 1730 καὶ
326 1669 396 1750 πρὸς
420 1668 494 1730 άπαν
519 1668 635 1751 ἀγήρως
657 1671 704 1730 καὶ
731 1669 883 1735 ἀθάνατος.
928 1661 953 1750 ᾧ
978 1665 1031 1748 γὰρ
1060 1667 1100 1749 μὴ
1126 1663 1253 1748 αὔξησις.
1277 1668 1351 1750 μηδὲ
1379 1667 1496 1748 μείωσις

256 1770 408 1854 πρόσεστιν
432 1818 439 1832 .
465 1820 472 1833 .
497 1819 504 1833 .
529 1818 536 1832 .
561 1817 568 1832 .
592 1817 599 1831 .
624 1772 653 1831 αί
677 1771 728 1848 μὲν
752 1767 800 1830 οὖν
823 1769 892 1853 ἄχρι
914 1774 967 1852 τῆς
989 1770 1091 1851 ἀνδρὸς
1113 1769 1225 1851 ἡλικίας
1247 1769 1403 1852 μεταβολαὶ
1431 1767 1492 1831 κατ’

255 1871 383 1955 αὔξησιν,
406 1875 435 1963 αί
459 1871 485 1936 δ’
514 1874 571 1936 ἀπὸ
595 1873 699 1954 ταύτης
728 1871 797 1955 ἀχρι
818 1875 915 1956 γηρως
941 1873 988 1934 καὶ
1019 1874 1152 1953 τελευτῆς
1178 1871 1251 1932 κατά
1279 1872 1397 1953 μείωσιν
1425 1869 1538 1932 συνί-ιυ

210 1997 239 2044 15
260 1997 389 2038 στανται·
413 1981 454 2059 τῷ
477 1976 509 2038 δὲ
532 1976 571 2058 μὴ
596 1978 776 2036 κοινωνοῦντι
798 1979 855 2035 τῶν
882 1975 1028 2058 προτέρων
1057 1975 1105 2036 καὶ
1134 1973 1184 2041 τάς
1211 1973 1354 2056 ἑπομένας
1380 1971 1497 2054 εὔλογον

258 2081 298 2162 μὴ
323 2079 525 2160 ἐπιγίγνεσθαι.
570 2078 598 2139 τί
622 2075 648 2138 δ’
682 2076 816 2158 ἐμποδὼν
840 2075 875 2159 ἦν
902 2077 1075 2160 ἀνθρώπους
1102 2076 1235 2159 καθάπερ
1262 2078 1332 2159 φασὶ
1360 2075 1497 2159 πρότερον

255 2185 303 2246 καὶ
326 2187 374 2244 νῦν
398 2183 576 2264 βλαστάνειν;
612 2179 704 2246 οὕτως
736 2179 784 2241 καὶ
818 2181 895 2262 ηγῆ
918 2182 1086 2264 γεγηρακεν,
1121 2182 1161 2247 όις
1194 2179 1242 2242 διὰ
1269 2178 1375 2263 χρόνου
1406 2183 1498 2260 μῆκος

258 2285 448 2368 ἑστειρῶσθαι
476 2286 584 2362 δοκεῒν;
616 2280 676 2344 ἀλλ’
713 2281 743 2343 ἐν
775 2281 867 2365 ὁμοίῳ
902 2282 980 2365 με’νει
1013 2284 1155 2353 νεάξουσα
1181 2281 1236 2357 ἀεί,
1270 2280 1341 2343 διότι
1375 2283 1496 2363 τετάρτη

257 2391 344 2469 μοῖρα
366 2391 415 2448 τοῦ
439 2384 544 2453 παντός
564 2385 624 2447 ἐστι
647 2385 695 2446 καλ
718 2384 801 2446 ἕνεκα
816 2389 868 2467 τῆς
883 2389 933 2446 τοῦ
949 2384 1018 2446 όλου
1041 2387 1180 2467 διαμονῆς
1195 2384 1303 2467 ὀφείλει
1320 2386 1360 2467 μὴ
1377 2384 1499 2468 φθίνειν,

204 2510 237 2556 ‘20
256 2490 320 2551 ἐπεὶ
342 2490 389 2551 καὶ
411 2489 446 2550 τό.
469 2488 581 2571 ἀδελφά
604 2492 735 2572 στοιχεῖα
750 2486 840 2570 αὐτῆς
864 2487 940 2571 ὕδωρ
964 2488 1020 2570 ἀήρ
1042 2511 1073 2549 τε
1097 2488 1144 2550 καὶ
1167 2491 1224 2570 πῦρ
1247 2488 1348 2571 ἀγήρω
1364 2491 1497 2551 διατελεῖ.
1513 2502 1539 2544 ιε

256 2593 348 2660 πίστις
363 2590 388 2654 δ’
410 2591 531 2674 ἐναργὴς
548 2588 552 2674 l
569 2596 620 2674 τῆς
636 2591 808 2653 ἀδιαστάτου
825 2592 873 2653 καὶ
889 2591 981 2653 ἀιδίου
1001 2591 1066 2673 περὶ
1081 2595 1134 2673 γῆν
1151 2590 1246 2673 ἀκμῆς
1261 2591 1296 2654 τὰ
1313 2590 1458 2675 φυόμενα·
1481 2607 1553 2652 νίκα.

205 2850 286 2902 1δ“ό
304 2855 430 2902 τῶνλῬι
450 2848 475 2900 δὲ
495 2849 508 2900 ό
527 2853 626 2901 :Lm
645 2847 664 2899 δ’
681 2848 693 2900 δ
713 2851 791 2898 πῶΜ
881 2847 1003 2899 ἀνωτάτω
1022 2848 1078 2899 scil.
1092 2849 1227 2915 utriusque
1245 2850 1335 2916 partis.
1365 2845 1482 2915 ‘sortasse
1500 2850 1552 2902 ἀνιυ

202 2941 244 2990 καὶ
263 2934 346 2990 κάτω
367 2939 437 2989 Diels
556 2937 661 3004 βαθμῶν
680 2940 739 2987 LV:
760 2933 856 3003 βαθμδς
874 2939 926 2988 ΡΜ
1040 2936 1055 2986 θ
1074 2934 1261 3007 παρισγυοόσηυ
1279 2941 1300 2988 L
1414 2935 1439 2987 3,
1458 2938 1474 2988 4
1493 2939 1553 2991 ἀπο·

201 3027 299 3078 δίδωσιν
318 3024 418 3076 ἀσθενεῖ
428 3025 555 3093 θυιιιεγοι
575 3022 703 3080 ἀποδιδοὺς
716 3021 841 3073 ἐνασθτνεῖ
853 3025 934 3074 LPM:
955 3021 1086 3080 ἀποδιδοὺς
1104 3022 1232 3076 εὺασθενιῖ
1242 3028 1263 3075 V
1352 3023 1553 3093 4ηγναηκότων

202 3118 236 3165 L:
265 3113 455 3182 ἐξηγνοηκότων
474 3117 539 3165 PM:
566 3111 592 3170 ἐξ
615 3110 780 3179 ήγνοηκότων
798 3114 836 3160 V:
864 3111 892 3161 in
915 3109 940 3168 ἐξ
963 3109 1026 3162 latet
1047 3110 1155 3163 fortasse
1179 3112 1208 3162 ἐκ
1233 3115 1278 3181 γῆς
1302 3111 1372 3163 Diels
1487 3115 1501 3165 7
1528 3113 1553 3166 δὲ

204 3200 247 3268 τὰ]
267 3199 292 3251 δὲ
312 3204 395 3251 0111.V
484 3204 530 3268 τῆς
547 3198 611 3266 τῶν]
631 3204 682 3249 τῶν
703 3201 840 3249 οιιι.1’1’Μ
934 3198 958 3249 9.
976 3198 1006 3249 10
1024 3199 1134 3266 ἐνόμιζεν
1153 3199 1276 3269 ἁρμόττον
1293 3201 1345 3250 ΡΜ
1436 3201 1463 3251 ll
1490 3200 1554 3268 γίνο-

202 3306 277 3356 μενος
295 3291 359 3340 PM:
388 3287 518 3356 γενόμενος
536 3290 582 3339 LV
695 3287 725 3338 13
749 3286 864 3353 πρόσεστι
883 3289 904 3336 L
927 3286 1019 3338 deinde
1039 3291 1104 3353 spat.
1123 3287 1192 3337 eirea
1211 3286 1257 3338 Vll
1276 3285 1326 3337 litt.
1346 3301 1465 3351 vacuum,
1484 3290 1553 3356 quod

201 3377 356 3442 expleverim
376 3374 488 3440 ἔμπαλιν,
507 3375 538 3426 cf.
558 3376 620 3437 ind„
639 3375 743 3431 εἰκότως
763 3374 833 3425 Diels
921 3378 966 3441 μὲν
986 3373 1030 3424 οὖν
1044 3377 1133 3426 VMP:
1154 3375 1262 3446 μὲνγὰρ
1281 3378 1303 3426 L
1392 3374 1459 3444 ἄχρι]
1480 3376 1553 3447 μέχρι

202 3467 243 3530 (με
257 3465 285 3514 in
298 3462 361 3528 τευ.)
380 3467 400 3515 Ρ
507 3465 537 3513 11
556 3462 614 3534 άγρι
633 3462 689 3513 VL:
710 3462 768 3533 ἄχρι
787 3463 830 3512 καὶ
848 3465 900 3514 ΡΜ
1000 3462 1031 3513 16
1050 3460 1237 3529 ἐπιγίνεσθαιΡ
1345 3462 1375 3513 17
1394 3460 1476 3520 οὕτως
1494 3467 1553 3514 LV:

202 3549 269 3603 υότω
288 3555 353 3603 PM:
382 3547 453 3602 οὔπω
473 3551 585 3602 Τυιιιυθ.
714 3549 743 3600 18
771 3549 844 3615 μίμει
863 3550 922 3615 (sic)
941 3553 969 3600 M
1080 3548 1109 3600 19
1128 3548 1223 3618 φθίνειν
1242 3553 1305 3602 PM:
1325 3547 1427 3618 φθάνειν
1447 3555 1493 3602 LV
1513 3552 1552 3617 (in

201 3655 281 3707 marg.
301 3637 403 3707 φθαρεῖν
422 3637 468 3704 V‘1)
575 3637 604 3688 2³1
627 3634 645 3687 δ’
668 3635 770 3706 ἐναργὴς
789 3640 824 3686 V:
845 3634 870 3687 δὲ
890 3636 994 3706 ἐναργὴς
1012 3641 1085 3689 LPM

202 3881 217 3931 2
242 3881 278 3931 θα
297 3895 338 3945 ομ.
354 3878 443 3930 mundi
463 3895 483 3931 c.
503 3879 536 3930 34
556 3878 647 3942 (w
666 3878 704 3940 C.)
728 3875 769 3948 ἀφ’
784 3877 813 3930 αὖ
832 3879 923 3950 ἤρξατο
937 3878 1066 3948 σχήματος
1086 3877 1220 3948 λαμβάνειν
1240 3876 1342 3949 αὔξησιν
1361 3878 1489 3950 αἰσθητῶς
1506 3883 1552 3944 (sc.

201 3966 302 4038 σελήνη)
326 3967 358 4023 τίς
384 3968 467 4018 ἐκεῖνα
490 3967 555 4018 κατὰ
579 3966 680 4034 μείωσιν
703 3967 914 4037 ἀνακαμπτοόσητ
1005 3967 1077 4019 πάλιν
1101 3965 1248 4037 όπσστρέφει
1271 3965 1482 4038 διαυλοδραμοῦσα
1506 3969 1552 4037 τὴν

201 4055 279 4124 αΰτλγν
299 4053 364 4106 όδόν.
401 4056 433 4106 cs.
453 4055 505 4107 ind.
525 4071 545 4107 s.
565 4071 588 4106 ν.
607 4053 791 4124 διανλοδρσμεῐν
916 4055 933 4106 4
952 4071 1004 4123 seq.
1026 4054 1062 4105 De
1080 4052 1143 4119 opis.
1164 4054 1254 4105 mundi
1274 4069 1295 4106 c.
1318 4055 1348 4105 19
1368 4054 1491 4119 (MC.)

200 4148 252 4193 τῶν
275 4143 334 4211 ἡμῖν
358 4143 401 4209 μὲν
425 4141 602 4211 ἀδηλουμένιυν
628 4172 659 4178 --
688 4141 717 4193 οὔ
740 4142 786 4210 γάρ
810 4143 889 4193 πάντα
907 4143 946 4211 τιγῖ
967 4140 1054 4212 θνητιγῑ
1079 4141 1142 4210 γένει
1160 4142 1275 4210 γνώριμα
1300 4170 1331 4178 -
1356 4141 1491 4210 ἀθεσμοῖς
1509 4143 1552 4194 καλ

201 4230 286 4297 νόμοις
305 4230 347 4287 οὒς
365 4230 452 4301 ι’όριτεν
472 4228 555 4287 όθεὸς
574 4229 707 4298 ἀκινήτους
724 4230 748 4281 ἐν
767 4233 805 4299 τιγῑ
817 4229 897 4295 παντί,
917 4228 1045 4298 συμβαίνει
1063 4230 1143 4297 πάντη
1163 4246 1190 4280 τε
1209 4230 1251 4280 καλ
1263 4231 1365 4285 πάντως
1382 4226 1551 4281 ἐπιτελεῖσθαι.

201 4316 234 4368 cf.
253 4317 307 4368 ind.
327 4336 347 4368 υ.
366 4335 388 4367 ν.
410 4317 501 4384 θεσμός
647 4318 662 4368 θ
682 4317 743 4385 Leg.
762 4317 804 4368 all.
824 4318 845 4369 11
867 4318 881 4368 6
900 4318 921 4381 (1
940 4318 1034 4380 7011.)
1053 4315 1217 4377 κατέζευιιται
1236 4316 1261 4375 ἐξ
1281 4317 1393 4386 ἀνάγκης
1410 4317 1439 4368 τὸ
1457 4313 1551 4386 θνητὸν

201 4403 290 4456 πάθεσι
309 4406 351 4456 καὶ
371 4406 477 4464 κακίαις.
501 4406 538 4457 De
557 4420 598 4473 op.
619 4421 651 4456 m.
671 4404 704 4455 53
723 4403 814 4468 (5720
833 4404 870 4466 G.)
888 4404 981 4474 τροπὰς
1000 4401 1025 4454 δὲ
1044 4404 1087 4454 καλ
1107 4402 1245 4472 μεταβολάς
1264 4404 1405 4472 ἀναγκαίως
1423 4404 1453 4454 τὰ
1472 4402 1552 4472 θνητὰ

202 4492 300 4566 δέχεται
450 4494 475 4543 ll
499 4494 536 4545 De
557 4492 655 4559 Ioseph.
675 4492 708 4543 22
727 4493 746 4555 (1
767 4491 810 4553 59)
828 4491 913 4543 Senex
931 4490 962 4560 ην
981 4509 1040 4542 ποτε
1062 4491 1157 4561 βρέφος,
1177 4492 1219 4542 καὶ
1238 4492 1300 4559 μετά
1318 4496 1396 4543 ταῦτα
1415 4498 1481 4555 παῖς,
1499 4493 1552 4544 εἶτα

202 4579 302 4652 ἔφηβος,
330 4582 382 4634 εἶτα
402 4583 529 4653 μειράκιον
548 4580 591 4633 καὶ
609 4579 704 4637 νεανίας
722 4577 801 4643 αὖθις,
825 4576 869 4631 εἶτ’
888 4577 958 4650 ἀνὴρ,
977 4580 1020 4631 καλ
1038 4578 1118 4652 γέρων
1137 4576 1243 4632 ὕστατον

1307 4667 1352 4731 4*
