3532 5394
195 319 239 381 40
799 314 951 370 brimbs

249 488 297 550 τόν
326 490 413 553 αὐτὸν
440 490 544 575 τρόπον
570 490 573 567 l
603 492 650 552 καί
680 492 737 551 τῶν
768 488 844 572 δριῖιν
874 488 910 550 τά
939 490 990 568 μὲν
1024 487 1222 570 ἀποθραύεται
1250 486 1338 569 μέρη,
1372 487 1407 548 τά
1430 489 1462 549 δέ
1484 502 1556 545 αῖοτι.

252 592 439 674 προσφύεται.
487 597 607 676 μακροῖς
630 593 662 654 δὲ
684 591 799 675 χρόνοις
822 592 840 674 η
864 589 1024 673 πρόσφυσις
1053 590 1224 652 καθίσταται
1249 592 1401 671 γνώριμος,
1430 589 1500 653 διότι

252 691 286 752 τά
311 693 362 773 μὲν
384 693 485 777 δένδρα
510 695 644 778 ὠκυτέρα
666 695 807 777 χρώμενα
829 697 866 775 τῇ
891 692 975 775 φύσει
999 694 1105 755 θᾶττον
1122 692 1416 774 καταλαμβανομένην
1439 688 1502 776 ἔχει

251 793 303 875 τὴν
325 795 462 865 ἐπίδοσιν,
487 798 521 859 τὰ
544 794 568 860 δ’
596 795 649 881 όρη
673 794 842 879 βραδυτέρα,
871 796 916 856 διδ
939 796 986 857 καὶ
1010 795 1061 862 τοίς
1083 794 1218 877 ἐκφύσεις
1240 792 1336 855 αὐτῶν
1359 793 1501 874 αἰσθητὰς

215 914 230 962 5
251 894 294 958 ότι
319 898 359 980 μὴ
382 899 481 984 χρόνιρ
506 905 608 982 μακρῷ
634 897 715 980 μόλις
738 897 808 959 εἶναι
833 895 1024 981 συμβέκηκεν.
1070 895 1182 958 ἐοίκασί
1201 918 1233 976 γε
1256 896 1305 956 τδν
1321 894 1425 978 τρόπον
1449 900 1501 977 τῆς
1528 909 1542 950 ι’)

252 998 392 1080 γενέσεως
413 999 509 1062 αὐτῶν
533 1001 655 1082 ἀγνοεῖν,
691 999 753 1060 ἐπεὶ
778 999 831 1061 κάν
865 999 936 1066 ἴσως
969 998 1152 1064 αἰδεσθέντες
1184 997 1346 1081 ἡσύχασαν.
1392 997 1501 1080 φθόνος

251 1101 277 1164 δ’
303 1101 397 1170 οὐδεὶς
428 1102 637 1166 ἀναδιδάσκειν.
683 1100 743 1165 ἔστι
771 1099 796 1163 δ’
822 1099 889 1163 οὔτε
916 1100 979 1163 νέον
1014 1103 1045 1162 τὸ
1081 1100 1245 1182 λεγόμενον,
1281 1098 1347 1162 οὔτε
1384 1099 1495 1183 ῥήμαθ’

251 1205 335 1285 ημῶν
358 1204 432 1265 ἀλλὰ
449 1206 557 1267 παλαιὰ
574 1210 674 1289 σοφῶν
690 1205 812 1287 ἀνδρῶν,
836 1205 879 1271 οἷς
894 1201 977 1264 οὐδὲν
994 1203 1193 1285 ἀδιερεύνητον
1210 1206 1266 1263 τῶν
1282 1203 1324 1269 εἰς
1339 1201 1502 1284 ἐπιστήμην

251 1307 413 1388 ἀναγκαίων
430 1307 645 1370 ἀπολέλειπται.
692 1306 758 1369 όταν
783 1308 814 1368 τὸ
838 1305 1114 1388 κατακεκλεισμένον
1132 1305 1161 1366 ἐν
1177 1308 1215 1386 τη”
1231 1309 1269 1386 γῇ
1287 1306 1419 1386 πυρῶδες
1441 1304 1502 1367 ἀνω

201 1427 233 1473 10
253 1413 289 1490 τῇ
314 1413 363 1470 τοι]
387 1410 477 1492 πυρὸς
500 1410 653 1492 ἐλαύνηται
675 1414 784 1492 φυσικῇ
809 1410 940 1489 δυνάμει,
964 1409 1042 1490 πρὸς
1061 1409 1108 1469 τὀν
1136 1408 1242 1468 οἰκεῖον
1270 1409 1357 1468 τόπον
1380 1407 1501 1490 στείχει,

252 1509 305 1572 κάν
333 1533 406 1579 τινος
434 1513 557 1594 λάβηται
586 1513 724 1596 βραχείας
752 1512 912 1592 ἀναπνοῆς,
936 1509 997 1572 ἀνω
1031 1510 1081 1590 μὲν
1112 1514 1279 1591 συνανασπᾷ
1310 1510 1420 1590 πολλἠν
1447 1515 1543 1591 τῇςτιι

250 1615 377 1694 γεώδους
400 1614 508 1686 οὐσίας,
533 1611 604 1696 όσην
628 1612 661 1675 ἀν
685 1612 744 1675 οἰόν
768 1611 792 1674 τ’
813 1635 850 1694 η·
875 1610 930 1680 ἔξω
954 1610 980 1673 δ’
1001 1610 1201 1693 ἐπιγενόμενον
1229 1610 1370 1694 φέρεσθαι
1399 1611 1502 1695 βραδύ·

251 1737 347 1796 τερον·
370 1717 389 1798 η
413 1716 445 1776 δέ
469 1716 555 1800 μέχρι
579 1717 687 1777 πολλοῦ
704 1714 918 1796 συμπαρελθείν
936 1714 1099 1797 βιασθεῖσα,
1123 1714 1192 1794 πρὸς
1217 1712 1354 1794 μήκιστον
1378 1713 1502 1795 ἀρθεῖσα

252 1816 324 1899 ὕψος
346 1817 492 1879 στέλλεται
516 1816 720 1901 κορυφουμένη
740 1817 786 1878 καί
810 1817 881 1900 πρὸς
904 1816 997 1884 ὀξεῖαν
1014 1816 1194 1898 ἀποτελευτᾷ
1213 1818 1348 1899 κορυφὴν
1365 1817 1397 1877 τὸ
1415 1817 1505 1898 πυρὸς

201 1936 231 1984 15
252 1924 353 2002 σχῆμα
377 1919 550 2002 μιμουμένη.
595 1920 700 2001 γίνεται
723 1920 777 2003 γὰρ
800 1923 850 1981 τοι]
874 1919 1053 2001 κουφοτάτου
1077 1919 1125 1979 καί
1149 1919 1311 2002 βαρυτάτου
1341 1917 1416 1989 τότε,
1444 1922 1504 1979 τῶν

250 2021 334 2105 φύσει
350 2021 523 2090 ἀντιπάλων,
547 2022 687 2103 ἀναγκαία
710 2021 910 2104 συρραξοίντων
927 2022 1070 2104 διαμοίχη.
1094 2021 1165 2103 πρός
1182 2021 1232 2102 την
1252 2026 1255 2101 l
1273 2019 1380 2083 οἰκείαν
1397 2021 1461 2082 ἑκα·
1483 2035 1521 2078 ‘271
1535 2040 1559 2078 Β.

252 2122 334 2204 τέρου
357 2126 458 2206 χώραν
482 2123 669 2205 ἐπειγομένου
693 2125 741 2185 καί
764 2122 861 2206 <πρδς>
887 2124 919 2185 τὸ
944 2121 1112 2206 βιαζόμενον
1142 2123 1357 2190 ἀντιτείνοντος·
1385 2123 1417 2184 τὸ
1449 2125 1501 2205 μὲν

251 2226 287 2306 δὴ
312 2229 368 2308 ττδρ
392 2226 563 2288 συνανέλκον
588 2227 643 2287 ύττδ
668 2230 718 2288 τοῦ
741 2228 805 2309 περὶ
830 2225 920 2309 αὐτὴν
944 2228 1092 2286 νεοστικοδ
1117 2225 1225 2307 βρίθειν
1254 2225 1455 2306 ἀναγκάζεται,
1483 2249 1502 2307 η

251 2327 283 2388 δὲ
298 2332 335 2410 γῆ
353 2329 511 2390 κατωτάτω
527 2328 738 2390 ταλαντεύοοσα
760 2333 803 2411 τῷ
828 2333 879 2390 τοι]
902 2328 991 2410 πυρδς
1014 2326 1170 2411 ἀνωφοίτιρ
1195 2328 1497 2411 συνετελαφρισθείσα

200 2449 234 2495 20
253 2429 398 2512 μετέωρος
420 2429 560 2512 ἐξαίρεται
583 2431 631 2492 καί
654 2431 833 2513 κρατηθεῖσα
857 2428 938 2512 μόλις
962 2429 1018 2491 ὑπὸ
1042 2428 1241 2512 δυνατωτέρας
1263 2427 1352 2513 <βίας>
1368 2435 1420 2513 τῆς
1442 2430 1503 2491 ἑπι-

253 2531 445 2614 κουφιζούσης
472 2531 573 2614 ἰσχύος
601 2530 661 2593 ἀνω
690 2533 761 2615 πρὸς
789 2534 840 2615 τὴν
864 2535 914 2594 τοῦ
943 2532 1032 2613 πυρός
1060 2531 1145 2613 ἕδραν
1174 2531 1294 2593 ὠθεῖται
1322 2531 1498 2596 κάνίσταται.
1527 2549 1542 2589 τ

252 2634 281 2694 τί
300 2631 350 2695 οὖν
375 2634 541 2714 θαυμαστὸν
564 2634 591 2695 εἰ
613 2635 653 2715 μὴ
678 2634 713 2695 τά
736 2632 790 2718 όρη
814 2637 876 2701 ταῖς
898 2638 956 2695 τῶν
983 2635 1074 2695 ὑετῶν
1102 2636 1206 2716 φοραῖς
1232 2632 1419 2716 ἑξανίγλωται,
1448 2640 1500 2718 τῆς

202 2855 213 2903 l
235 2851 434 2924 έπιθροίβεταιι
577 2853 735 2921 ἳγνώριμος
754 2853 825 2905 libri:
852 2852 966 2923 γνωρίμη
986 2853 1054 2903 σοιτί.
1073 2853 1166 2904 Jessen
1290 2852 1407 2920 3φύσει]
1427 2853 1563 2922 προςφύσει

200 2941 268 2991 coni.
288 2943 399 3008 Mangoy
419 2943 446 2991 ai
464 2939 496 2991 cl.
510 2939 594 2995 31118
700 2938 959 3008 καταλαμβανομένην
978 2942 1091 2991 LVI'M:
1111 2938 1314 3007 καταλαμβάνειν
1333 2958 1377 2991 ar:
1397 2939 1574 3008 καταλαμβά-.

200 3044 234 3079 νει
254 3047 276 3078 τ.
372 3026 546 3095 ἐβραδυτέρμ
565 3026 677 3076 Τιιττισίκ
698 3026 838 3097 βραχύτερα
858 3025 918 3077 libri
938 3028 970 3090 (E
992 3028 1120 3094 quoqur):
1146 3025 1280 3094 βραδύτερα
1301 3027 1415 3092 Bernays
1525 3026 1562 3080 διδ

201 3131 233 3166 rx
253 3113 283 3181 δὴ
303 3130 367 3164 corr.
387 3118 410 3163 V
530 3114 545 3165 ἵν
565 3112 637 3180 μόγις
655 3117 685 3176 L,
704 3114 735 3165 τί.
756 3113 809 3164 ind.
922 3113 1023 3181 γετὸν]
1043 3132 1069 3164 τε
1087 3112 1130 3163 τόν
1150 3131 1178 3164 rr
1285 3113 1300 3162 b
1320 3113 1371 3163 ἐπεὶ
1389 3113 1449 3177 καίν]
1470 3114 1513 3166 καλ
1533 3116 1562 3166 οἶν

200 3202 261 3267 (om.
280 3200 344 3265 ἐπεὶ)
364 3218 391 3250 αι
420 3199 462 3249 καὶ
482 3203 541 3262 (om.
561 3199 624 3265 ἐπεὶ)
646 3204 672 3250 M
780 3200 794 3250 'i
820 3199 878 3250 οὔτε
897 3198 969 3252 libri:
999 3200 1055 3250 οὔτε
1075 3217 1097 3250 τι
1116 3200 1230 3250 Turneb.
1336 3199 1519 3268 τὸλεγόμενον
1540 3206 1561 3254 E

200 3293 227 3339 et
245 3289 368 3353 Mangey:
397 3291 448 3337 τῶν
467 3285 608 3353 λεγομένων
627 3289 728 3338 LPMV
853 3284 910 3337 οὔτε
933 3290 1022 3338 PME:
1052 3286 1080 3337 ob
1100 3289 1147 3337 LV
1281 3286 1340 3337 28
1368 3286 1464 3357 ῥήμαθ’
1487 3290 1563 3358 ἡμῶν

200 3377 290 3425 LVM:
319 3372 419 3443 βήματα
437 3373 512 3440 ἡμῶν
532 3377 564 3424 P:
592 3373 714 3441 ἡμέτερον
737 3371 806 3439 ῥῆμα
826 3376 847 3423 l}
973 3372 989 3423 8
1013 3372 1126 3424 παλαιῶν
1147 3377 1169 3424 l}
1298 3373 1329 3423 10
1348 3373 1482 3444 ε’λαύνηται
1501 3380 1561 3428 LE:

201 3458 330 3511 ἐλαύνεται
351 3462 426 3512 VPM
546 3459 631 3528 στιίχη
652 3463 679 3510 M
799 3460 826 3509 11
850 3457 903 3510 ἀνω
923 3463 954 3522 E,
974 3460 1103 3525 llernays:
1123 3459 1221 3511 ἀνωθεν
1240 3463 1341 3511 LVPM
1466 3462 1563 3531 πολλὴν

201 3546 275 3597 libri:
296 3545 359 3597 πολὺ
379 3546 490 3597 Τυτιιείι.
597 3544 655 3613 τῆς]
674 3546 720 3613 τἠν
739 3563 755 3596 a
870 3546 900 3597 12
924 3543 985 3616 δσην
1004 3551 1037 3597 L:
1057 3544 1114 3597 ὅσον
1134 3549 1234 3598 VPME
1342 3545 1394 3597 οἰον
1413 3544 1437 3598 τ’
1458 3552 1491 3600 V:
1512 3549 1563 3601 οἶόν

200 3650 228 3684 τε
247 3636 336 3684 PME:
365 3633 385 3684 εἰ
404 3632 500 3684 οἷόντε
518 3637 549 3695 L,
568 3633 638 3684 uuile
656 3632 695 3683 ἀεὶ
714 3632 765 3684 οἰόν
783 3650 810 3683 τε
830 3649 888 3684 rum
909 3633 989 3695 biatu,
1010 3633 1127 3699 llernnys
1232 3627 1248 3705 η
1271 3637 1384 3686 VPME:
1404 3633 1435 3702 ἦν
1454 3639 1475 3687 L

201 3718 369 3785 ἐπιγινόμενον
387 3719 458 3771 libri:
479 3719 652 3786 ἐπιγενομένου
672 3719 731 3784 (cet.
747 3721 824 3785 serv.)
843 3720 983 3773 Buecheler
1092 3719 1131 3769 12.
1154 3719 1184 3769 13
1204 3719 1352 3790 βραδύτερον
1371 3721 1498 3789 Βοτυαγε,
1518 3726 1564 3792 qui

202 3810 284 3856 lotum
311 3807 474 3856 enuntiatum
499 3808 536 3857 sie
560 3808 671 3857 mutarit
698 3807 714 3875 η
739 3804 762 3857 δ’
791 3806 884 3866 ἔξωθεν
908 3805 1066 3875 ἐπιγενομένη
1095 3806 1194 3876 φέρεται
1218 3806 1377 3878 ’βραδύτερονι
1407 3808 1564 3881 βραχυτέραν

201 3893 261 3944 libri
424 3892 456 3943 13
483 3891 545 3961 ἠδὲ
564 3893 631 3957 (scil.
651 3892 666 3962 η
686 3892 784 3961 γεώδης
802 3892 881 3955 οὐσία)
901 3892 984 3944 lliels:
1013 3892 1092 3962 ἰγκαί
1110 3892 1167 3945 libri
1188 3895 1221 3956 (E
1242 3896 1367 3961 quoquelr
1396 3898 1438 3947 καλ
1457 3900 1518 3960 (orn.
1537 3897 1564 3966 η)

202 3978 318 4044 Bernays
428 3979 459 4029 14
478 3977 604 4030 στέλλεται
617 3983 729 4032 LVPM:
749 3977 906 4031 συστέλλεται
919 3983 940 4030 E
1049 3981 1224 4049 κορυφουμένη
1244 3980 1316 4032 libri:
1336 3981 1563 4052 ἀποκορυφουμένη

202 4064 328 4115 Turneb:
348 4083 380 4113 an
393 4066 533 4114 delendum?
552 4066 622 4117 Diels
729 4067 758 4118 τὸ
778 4065 866 4134 ττίιρος]
886 4065 914 4117 τδ
933 4081 982 4118 om.
995 4069 1041 4116 vl]
1152 4066 1182 4116 16
1202 4056 1378 4138 συρρηξάντων
1397 4069 1511 4122 Turneb.

202 4148 283 4200 οἰκίαν
303 4154 323 4201 Ρ
441 4151 471 4202 17
493 4149 552 4219 πρὸς
570 4152 628 4202 add.
648 4152 760 4204 Turneb.
868 4153 896 4205 τὸ
916 4153 1062 4221 βιαζομένου
1082 4155 1103 4202 E
1211 4155 1388 4213 ἀντιτείνοντος
1408 4159 1493 4208 LVE:
1512 4157 1565 4208 ἐπι-

202 4234 326 4292 τείνοντας
345 4240 395 4288 ΡΜ
522 4237 553 4287 18
581 4243 667 4308 πυρῶν
688 4259 717 4290 ιτ
838 4241 868 4289 li)
898 4242 936 4306 τῷ
954 4237 1010 4305 τοῦ]
1029 4256 1044 4289 τ
1062 4242 1107 4289 τοῦ
1126 4239 1226 4304 (sic)L
1351 4242 1486 4311 ἀνωφοίτιμ
1506 4248 1565 4296 LE:

203 4321 343 4390 οδνοφοίτιρ
362 4326 428 4375 PM:
448 4324 501 4375 ἅνω
521 4330 634 4392 φοιτῶσα
654 4328 676 4373 V
780 4323 1042 4393 συνεπελσφρισθεῖσα]
1062 4323 1266 4393 ἐπιχαφρισθεῖσα
1285 4332 1309 4377 V
1416 4328 1451 4380 ‘20
1469 4330 1564 4397 μετέω-

205 4426 245 4479 ρος
325 4410 477 4478 κρατηθεῖσα
497 4425 545 4461 om.
569 4415 604 4461 V:
633 4412 760 4481 μετέωρος
779 4416 880 4463 lanium
900 4413 976 4464 babel
997 4415 1016 4461 E
1145 4411 1198 4481 βίας
1218 4413 1306 4464 addidi
1326 4412 1358 4465 τί.
1375 4414 1436 4479 11,3
1456 4421 1481 4466 el
1503 4415 1565 4481 13‚3

205 4494 288 4563 ἰσχύος
314 4495 402 4567 ῥώμην
506 4497 536 4547 ‘21
559 4497 704 4549 κάνίσταται
724 4498 807 4549 Diels:
826 4499 869 4550 καί
887 4499 983 4550 ἵσταται
1003 4499 1061 4550 libri
1161 4498 1194 4549 2²2
1212 4507 1265 4558 ταῖς
1283 4500 1346 4568 τῶν]
1365 4509 1419 4559 ταῖς
1438 4507 1530 4555 om.L
