3532 5394
754 347 1010 401 Paonneonnua
1535 349 1565 388 1¹

198 515 309 604 Ἕλλην
332 518 395 583 dici
418 518 529 601 possit,
552 519 612 582 nisi
635 519 688 601 qni
711 538 861 601 graecam
884 519 1027 600 linguam
1051 520 1178 599 calleat,
1205 515 1405 599 exemplaria
1420 515 1563 597 antiqua,

206 621 379 704 praecipue
411 619 444 684 in
477 619 629 702 operibus
652 619 862 703 philosophis,
896 626 961 684 tam
984 619 1098 685 sedulo
1134 618 1303 702 expressit,
1336 624 1371 681 ut
1399 616 1562 700 seipsum

205 741 310 805 paene
334 721 532 787 Athenarum
556 721 658 787 civem
681 721 827 787 crederet
855 728 888 787 et
910 722 1088 787 sententias
1116 727 1286 804 usurparet
1311 738 1395 801 quae
1419 717 1564 782 Platonis

204 823 333 906 aequali
349 823 456 907 potins
474 822 683 889 convenirent
698 843 794 905 quam
811 822 1036 908 Sextiorum1).
1074 824 1297 904 Luculentum,
1319 820 1425 897 credo,
1441 818 1562 884 fastidii

204 923 290 989 illius
305 923 462 990 habemus
477 926 660 1009 exemplum
679 923 713 988 in
735 924 853 1008 verbis,
876 924 990 1007 quibus
1006 925 1174 991 Philonem
1190 944 1282 988 usum
1298 939 1369 988 esse
1384 921 1562 1005 Bemaysio

205 1024 291 1090 baud
314 1025 467 1093 credibile
486 1025 688 1109 videbatur&
710 1026 814 1111 [20,1]
839 1028 1016 1110 καταρῦεἴσα
1036 1027 1094 1110 (sc.
1111 1027 1165 1110 γῆ)
1187 1026 1206 1108 ἢ
1222 1029 1361 1109 ποταμῶν
1377 1023 1562 1108 αἰναχύσεσιν,

204 1129 322 1212 ὥσπερ
348 1129 453 1212 φασὶν
476 1127 666 1213 Αἴγυπτον,
693 1129 713 1212 ἢ
735 1133 796 1198 τοῖς
818 1129 944 1212 ἐτησίοις
966 1127 1095 1214 ὄμβροις.
1139 1126 1230 1205 Quae
1253 1126 1421 1191 Philonem
1449 1124 1564 1189 dormi·

203 1235 312 1295 tenter
326 1249 367 1295 ex
383 1229 526 1296 Critolao
541 1229 776 1314 transtulisse&
795 1230 850 1295 vix
866 1229 1005 1314 credam,
1028 1229 1086 1295 sed
1102 1230 1247 1294 consulto
1264 1228 1370 1310 potius
1385 1226 1563 1310 scripsisse.

203 1330 294 1394 Nihil
320 1330 364 1395 ad
386 1331 639 1396 Alexandrinum
666 1333 829 1415 ἀττικιστήν
851 1332 1046 1416 Aegyptium
1072 1330 1160 1413 rus⁴)
1186 1337 1219 1395 et
1245 1330 1357 1394 talium
1385 1328 1564 1393 incuriosus

204 1430 419 1514 ignorantiam
442 1436 495 1497 vel
517 1431 682 1516 profitetur
692 1433 717 1516 5)
743 1435 795 1498 vel
818 1434 956 1499 simulat.
1001 1432 1100 1499 Parili
1123 1431 1272 1496 atticismi
1295 1430 1500 1496 affectatione
1522 1432 1564 1495 de

203 1533 353 1616 Aegypto
386 1531 419 1597 in
453 1534 534 1600 libro
567 1534 608 1600 de
643 1535 793 1618 praemiis
825 1534 865 1619 [c.
887 1537 941 1619 15,
969 1536 1001 1600 ΙΙ
1027 1535 1089 1600 422
1113 1533 1169 1618 ll]
1202 1531 1355 1614 loquitur:
1389 1535 1519 1615 ποταμὸς
1546 1534 1562 1595 6

205 1633 361 1716 Αἰγύπτιος
382 1634 462 1704 τοὺς
484 1636 698 1719 λεγομένους
721 1639 969 1721 κροκοδείλους
991 1636 1082 1722 φέρει.
1105 1673 1146 1683 -
1169 1635 1235 1700 Sed
1256 1635 1298 1700 de
1320 1635 1381 1700 hon
1404 1635 1491 1700 satia.

290 1735 449 1800 Graviora
472 1744 546 1801 sunt
568 1757 651 1820 qnae
675 1737 870 1823 Bernaysius
898 1746 1010 1804 contra
1032 1738 1195 1803 doctrinas
1217 1737 1311 1802 huius
1334 1736 1406 1801 libri
1431 1735 1563 1819 profert,

204 1857 264 1903 naa
297 1844 415 1920 tamen,
450 1846 485 1903 ut
518 1838 664 1904 Philonis
696 1839 804 1905 verbis
837 1848 923 1924 utar,
957 1840 1143 1926 ἠκριβωμένα
1173 1841 1247 1903 πάνυ
1281 1841 1329 1903 καί
1362 1838 1560 1919 ἀνεξέλεγκτα.

204 1938 312 2004 Primo
344 1938 429 2004 enim
463 1938 628 2006 contendit
660 1940 815 2007 Iudaeum
849 1962 1012 2024 nunquam
1046 1939 1199 2005 mnndum
1233 1940 1322 2026 [2,7]
1357 1941 1425 2004 belo
1459 1938 1562 2023 ὁρατόν

205 2059 324 2106 vocare
347 2041 534 2126 potuisse⁵),
563 2050 595 2109 et
620 2043 720 2110 libelli
747 2042 842 2108 huius
869 2042 1057 2126 scriptorem
1081 2062 1152 2109 cum
1175 2050 1263 2108 astra
1291 2044 1378 2111 θεοὺς
1405 2041 1563 2125 alchitob<

203 2141 280 2206 dicit
304 2140 428 2227 [1422.
452 2144 491 2209 cf.
517 2144 607 2230 34‚6]
631 2165 652 2210 a
671 2145 815 2211 Philonis
838 2147 998 2212 sententia
1020 2147 1194 2213 abhorrere
1203 2144 1236 2228 7).
1275 2144 1412 2209 Adicere
1435 2150 1563 2227 poterat

203 2243 357 2309 Iudaeum
375 2244 535 2310 hominem
551 2246 637 2312 Iovis
660 2255 693 2314 et
709 2248 842 2314 Vulcani
859 2248 1042 2313 nominibus
1064 2248 1110 2313 nti
1125 2247 1245 2312 nemini
1261 2245 1435 2311 verisimile
1450 2245 1561 2310 videri.

277 2459 296 2524 ¹)
311 2456 407 2516 Ἕλλας
424 2460 467 2511 καὶ
486 2458 624 2531 βάρβαροςι
645 2462 681 2515 οο
701 2462 810 2530 Iosepho
829 2462 863 2516 23
882 2464 917 2527 (ΙΙ
936 2464 991 2529 60),
1016 2463 1053 2516 Dc
1072 2462 1175 2515 Provid.
1200 2461 1225 2513 ΙΙ
1249 2460 1284 2512 20
1303 2460 1336 2526 (ΙΙ
1357 2458 1429 2524 636),
1456 2457 1505 2510 109
1525 2457 1560 2522 (ΙΙ

202 2547 276 2612 646),
296 2548 333 2599 οο
351 2544 461 2614 saplib.
481 2546 515 2599 20
534 2548 571 2613 (ΙΙ
591 2549 642 2601 467
655 2550 709 2615 ΙΙ).
728 2550 863 2603 Graeciam
883 2550 1004 2603 laudibus
1023 2549 1126 2603 extollit
1144 2549 1181 2601 De
1202 2546 1306 2599 Prorid.
1329 2546 1377 2598 109
1397 2545 1432 2612 (ΙΙ
1452 2543 1516 2609 647)
1536 2548 1562 2594 et

203 2633 320 2686 Athenas
347 2634 385 2686 De
404 2649 459 2701 sap.
479 2633 524 2686 lib.
545 2633 579 2686 20
602 2635 638 2700 (ΙΙ
660 2635 712 2687 467
731 2637 775 2702 ΙΙ.)
801 2635 833 2689 ci.
859 2638 930 2703 7(ss
949 2632 1000 2690 452
1019 2636 1064 2701 ΙΙ.)
1086 2664 1116 2673 -
1136 2636 1173 2689 οο
1192 2633 1349 2703 εὐπατρίδαις
1371 2633 1487 2701 loquitur
1513 2628 1562 2697 [lte

202 2735 258 2787 sap.
272 2721 316 2774 lib.
336 2738 358 2775 c.
371 2723 386 2775 2
407 2723 443 2788 (ΙΙ
455 2722 507 2775 446
520 2719 578 2789 ΙΙ.)]
597 2720 728 2791 λοχαγοὺς,
747 2722 903 2796 ταξιάρχους,
923 2722 1076 2794 στρατηγοὺς
1088 2727 1222 2775 enumerat
1236 2720 1311 2789 [ibid.
1326 2737 1347 2773 c.
1358 2718 1404 2788 20]
1417 2724 1443 2770 et
1457 2718 1489 2769 de
1502 2733 1562 2784 rege

201 2807 339 2860 Persarum
360 2807 403 2878 [de
421 2810 524 2862 Provid.
543 2809 577 2862 22
597 2810 632 2876 (ΙΙ
652 2809 703 2862 638
722 2809 780 2878 ΙΙ.)]
799 2812 864 2863 dicit
881 2811 984 2880 (iarpol)
1003 2813 1046 2863 καί
1064 2811 1093 2862 ἄν
1113 2809 1126 2862 ὁ
1147 2810 1222 2878 μίγας
1240 2803 1257 2881 ᾗ
1278 2806 1390 2877 βασιλεὺς
1405 2846 1410 2859 .
1424 2844 1447 2857 ..
1471 2805 1562 2857 ἅπτον-

202 2912 244 2946 ται
262 2901 361 2967 χειρῶν.
392 2896 430 2949 cf.
444 2899 573 2966 insignem
593 2897 678 2949 locum
698 2898 736 2949 De
754 2913 810 2964 sap.
828 2897 901 2949 lib.l
924 2898 959 2963 (ΙΙ
978 2898 1030 2950 446
1049 2899 1092 2962 ΙΙ.)
1131 2896 1191 2954 ΙΙιῖις
1209 2897 1255 2965 γὰρ
1275 2894 1322 2948 οίια
1335 2894 1439 2946 lardaria
1452 2890 1563 2962 φυγάδας

203 2981 250 3049 μὲν
268 2981 354 3036 καλεῖν
367 2986 425 3041 τοὺς
438 2984 473 3052 μὴ
493 2983 569 3050 μόνον
589 2983 614 3035 ἐν
634 2985 697 3054 μίογγ
716 2985 749 3055 τῇ
767 2984 837 3037 aila
855 2982 1025 3054 διατρίβοντας
1043 2983 1106 3037 ἀλλὰ
1125 2985 1168 3035 ιιαΙ
1191 2983 1336 3044 δικάζοντας
1361 2982 1404 3033 καί
1428 2978 1562 3049 ἐκκλησιά-

202 3069 299 3132 ζοντας,
319 3069 371 3122 lari
389 3066 414 3120 δ’
434 3069 476 3123 ὅτι
494 3072 537 3122 καὶ
556 3071 721 3140 ἀγορανομίας
733 3073 776 3124 καί
789 3072 973 3141 γυμνααοργίας
987 3073 1030 3124 καὶ
1051 3073 1095 3128 τοίς
1114 3071 1189 3128 ἄλλας
1212 3070 1363 3139 λειτουργίας
1381 3067 1561 3135 ὑπομένοντας

202 3154 305 3213 πολίτας
323 3155 350 3208 δὲ
367 3159 425 3214 τοΙς
443 3157 459 3226 ἡ
479 3158 515 3227 pi]
534 3158 700 3228 ἐγγραφέντας
718 3158 747 3210 τὸ
760 3161 876 3230 παράπαν
894 3158 910 3227 ί)
925 3158 961 3211 ὧν
980 3157 1066 3226 ἀτιμία
1078 3158 1121 3209 καὶ
1140 3159 1206 3228 φυγὴ
1220 3156 1392 3225 κατέγνωσται
1403 3195 1408 3205 .
1421 3191 1443 3204 ..
1465 3154 1559 3205 Eodem

202 3243 332 3309 pertinere
349 3243 470 3297 videntur
489 3260 556 3311 qnae
575 3244 766 3313 Hilgenfeldius
785 3247 839 3314 (op.
858 3246 902 3298 cit.
922 3261 1001 3313 snpra
1019 3261 1044 3312 ρ.
1058 3245 1081 3297 ΙΙ
1100 3261 1126 3297 ιι.
1140 3245 1168 3311 3)
1189 3262 1212 3313 p.
1227 3244 1327 3297 50-51
1351 3240 1491 3310 congessit.

275 3330 295 3394 Ι)
314 3329 430 3398 Bernays
449 3331 603 3383 Monatsher.
617 3333 641 3382 d.
658 3330 689 3383 B.
703 3333 751 3384 Alc.
768 3333 834 3385 1863
854 3349 879 3400 p.
893 3333 927 3385 34
946 3338 972 3385 et
990 3332 1133 3385 Commeat
1153 3334 1185 3385 ad
1204 3330 1277 3397 42,2.

274 3418 296 3483 ²)
315 3418 387 3471 Diels
406 3417 516 3484 Doxoqr.
538 3417 626 3483 107,l.

275 3505 297 3571 ⁴)
317 3503 501 3557 Alexandriam
523 3503 596 3556 Philo
615 3519 669 3556 non
688 3505 770 3557 solnm
790 3521 891 3573 semper
913 3507 946 3558 ab
965 3505 1085 3573 Aegypto
1110 3506 1233 3558 distinxit
1252 3510 1277 3557 et
1296 3505 1319 3556 ei
1339 3502 1462 3569 opposuit
1481 3497 1560 3567 [Ado.

202 3591 290 3643 Flacc.
306 3591 317 3641 l
335 3586 525 3660 Ἀλεξανδρείας
543 3592 586 3642 aul
603 3595 650 3661 τῆς
667 3593 754 3664 χώρας
772 3592 903 3663 ἐπίτροπος
922 3591 954 3645 ci.
969 3593 994 3657 6,
1011 3592 1025 3643 'l
1047 3599 1072 3645 et
1089 3593 1120 3644 10
1137 3595 1196 3651 τοὺς
1215 3598 1259 3660 μὲν
1279 3590 1430 3659 Αίγυπτίους
1441 3627 1447 3640 .
1459 3626 1484 3638 ..
1503 3588 1562 3643 τοὺς

202 3673 438 3748 6ΙἈλιΕανΙρέας],
453 3678 498 3730 sed
517 3678 606 3729 urbem
627 3679 742 3745 pleniore
761 3682 867 3733 nomine
886 3695 939 3732 non
952 3679 1137 3731 Alexandriam
1152 3681 1265 3747 Aegypti
1285 3683 1369 3740 vorat,
1393 3676 1438 3729 sed
1457 3675 1490 3727 ad
1511 3675 1561 3725 Ae-

203 3770 313 3833 gyptum
333 3762 383 3831 [lle
402 3762 446 3814 lib.
466 3778 521 3829 sap.
544 3764 574 3815 18
594 3764 631 3830 (ΙΙ
650 3764 726 3834 465)]
748 3762 934 3837 Ἀλιξανδριίαν
957 3767 1004 3836 τ’γν
1028 3765 1089 3836 πρὸς
1111 3765 1233 3835 Αίγίιτττιμ
1257 3772 1282 3819 et
1303 3766 1340 3816 De
1359 3762 1458 3831 prouid.
1483 3762 1508 3813 ΙΙ
1528 3762 1561 3813 55

202 3853 416 3903 nominatissimam
433 3867 511 3918 propa
529 3849 707 3902 Alexandriam
727 3853 797 3903 iaxta
816 3852 970 3923 Aegyptam}

275 3938 296 4004 ⁵)
316 3936 491 3991 Alexandriae
510 3937 579 3988 enim
600 3937 674 3989 Nilus
693 3953 755 3991 arra
773 3956 828 3993 non
846 3941 966 4008 inundat,
986 3946 1012 3993 et
1030 3941 1214 4008 philosophum
1235 3942 1384 4008 Aegyptum
1408 3952 1461 3989 non
1487 3953 1560 4005 pera·

203 4025 319 4095 grarisse
338 4024 538 4091 haudquaquam
559 4024 677 4076 mirabile
696 4031 773 4078 esset.
810 4026 892 4090 Quam
911 4029 1003 4096 ignota
1024 4026 1210 4080 Alexandrinis
1230 4027 1367 4094 Aegyptus
1389 4029 1453 4075 tnnc
1475 4023 1561 4087 fuerit,

202 4112 297 4164 eVita
315 4110 394 4162 hlosis
416 4110 424 4161 l
445 4109 479 4162 20
497 4110 532 4175 (ΙΙ
552 4108 597 4176 98)
617 4116 731 4178 apparet.
767 4113 832 4165 Nam
861 4117 891 4165 nt
908 4113 1002 4181 aliquis
1022 4113 1074 4165 Nili
1103 4114 1291 4165 incrementum
1324 4117 1376 4163 tam
1406 4110 1485 4162 stulte
1514 4126 1558 4161 ex·

203 4198 322 4266 plicaret,
340 4197 440 4249 nescire
464 4197 575 4250 debehat
594 4198 658 4251 illud
687 4202 814 4254 maturius
832 4201 861 4252 in
889 4200 1022 4266 superiore
1042 4198 1163 4268 Aegypto
1182 4200 1296 4265 incipere
1325 4213 1401 4265 quam
1430 4197 1464 4248 ad
1493 4198 1561 4249 ostia

202 4283 328 4337 fluminis.

273 4370 344 4438 ⁰)P.
358 4371 391 4424 35
409 4372 462 4420 aiae
479 4372 705 4437 Aardrnclcawciac,
733 4372 895 4424 normaliter
923 4372 995 4422 solbat
1024 4372 1068 4422 der
1090 4371 1205 4423 dinoscere
1228 4370 1387 4436 Bihelylauhe
1409 4371 1561 4438 aothweadiy

201 4458 266 4509 Adue
284 4457 505 4508 zurriekachrcckea
523 4463 624 4509 ciriacam.

273 4542 449 4609 omma
