3532 5394
294 342 335 380 x11
847 342 1101 395 Pnonnnouenn

295 511 447 575 mundum
478 519 620 577 creatum
647 535 720 580 esse
747 514 927 579 sexcenties
955 514 1040 580 dicit.
1086 512 1151 579 Sed
1174 535 1331 596 ponamus
1355 516 1543 598 opusculum
1572 514 1653 579 illud

295 633 359 677 non
381 632 453 679 esse
468 612 670 680 Philoneum.
707 616 829 681 Iudaeo
845 623 933 682 certe
948 615 1151 681 tribuendum
1174 615 1207 679 id
1230 636 1302 682 esse
1323 635 1421 699 supra
1444 616 1651 681 ostendimus.

296 712 419 779 Eadem
442 714 538 796 igitur
567 724 676 783 manet
703 717 885 782 difficultas.
935 716 1049 781 Libros
1075 717 1160 782 enim
1187 737 1297 783 sacros
1321 717 1430 782 mundi
1456 718 1652 784 creationem

295 815 411 880 docere
439 816 532 881 buius
560 818 631 882 libri
664 819 799 903 scriptor
824 819 894 902 ipse
922 825 1089 884 asseverat
1117 818 1231 903 [6,18].
1280 820 1331 883 An
1364 819 1536 902 quidquam
1563 818 1651 883 dubii

296 918 465 1000 superest?
509 919 585 985 Sive
602 920 742 987 Iudaeus
765 921 824 986 fuit
839 922 909 988 sive
924 942 988 986 uon
1004 920 1072 1002 fnit,
1096 920 1241 985 Platonis
1256 927 1344 985 certe
1358 941 1453 1003 quem
1467 926 1654 985 constanter

296 1018 384 1102 citat,
407 1019 529 1104 laudat,
554 1021 707 1107 imitatur,
728 1024 956 1089 admiratorem
972 1042 1011 1087 an
1026 1041 1130 1106 paene
1150 1028 1341 1087 sectatorem
1357 1042 1392 1087 se
1406 1022 1523 1105 prodit.
1567 1022 1652 1103 Ergo

295 1120 321 1183 si
346 1121 498 1186 mundum
521 1123 685 1189 creatione
707 1144 817 1190 carere
840 1132 995 1209 putasset,
1017 1143 1126 1189 noune
1147 1123 1190 1188 ad
1205 1144 1315 1188 eorum
1338 1122 1531 1190 seutentiam
1546 1142 1653 1188 acees-

295 1221 390 1288 sisset
413 1223 465 1305 qui
489 1223 574 1290 bano
596 1226 781 1309 opinionem
803 1227 868 1292 iam
890 1247 911 1292 a
933 1226 1070 1291 Platone
1093 1224 1259 1291 detonsam
1282 1245 1353 1291 esse
1375 1224 1548 1291 dicebant?
1591 1223 1651 1302 Qui

295 1321 449 1406 utigitur
475 1333 510 1390 ut
536 1328 730 1394 contrariam
758 1328 941 1412 opinionem
968 1334 1119 1393 accurate
1134 1326 1288 1410 ¹pluribus
1314 1327 1504 1393 confirmare
1526 1327 1653 1392 studeat

295 1426 493 1506 argumentis
517 1428 561 1512 [5,
576 1430 615 1495 18
626 1431 751 1516 seqq.]?
787 1431 904 1497 Nonne
931 1430 1007 1513 qnia
1032 1429 1102 1513 ipse
1129 1428 1170 1494 de
1192 1428 1356 1494 creatione
1383 1449 1447 1494 non
1474 1428 1653 1493 dubitavit?

381 1526 487 1593 Unum
510 1539 657 1614 superest
680 1533 766 1615 quod
789 1554 829 1599 ex
845 1533 946 1617 spinis
967 1532 1037 1598 istis
1060 1552 1118 1596 nos
1134 1530 1299 1613 expediat:
1323 1529 1550 1614 philosophum
1565 1550 1653 1595 mun-

294 1628 370 1692 dum
398 1638 540 1696 creatum
571 1633 698 1714 quidem
721 1635 896 1700 credidisse
922 1635 980 1701 sed
1007 1634 1053 1698 ab
1081 1633 1181 1697 omni
1210 1632 1446 1699 aeternitate
1472 1640 1651 1698 creatum.

295 1731 364 1795 Hoc
387 1752 459 1796 eum
482 1754 596 1799 revera
618 1736 792 1802 credidisse
812 1758 830 1802 e
850 1736 1067 1820 compluribus
1090 1735 1190 1800 libelli
1211 1733 1281 1819 Περὶ
1298 1735 1462 1818 ἀφθαρσίας
1484 1734 1588 1799 elucet
1610 1734 1654 1798 lo·

294 1833 350 1898 cis.
387 1835 469 1899 Nam
494 1835 601 1901 statim
625 1837 658 1901 in
682 1840 919 1922 prolegomenis
943 1838 1040 1923 [3,18
1056 1836 1137 1921 seq.]
1163 1836 1224 1901 tria
1246 1836 1510 1919 philosophorum
1533 1834 1654 1918 placita

295 1944 476 2021 enumerat,
500 1938 633 2021 primum
656 1940 782 2006 illorum
805 1940 857 2023 qui
887 1940 1039 2004 mundum
1065 1941 1184 2023 γενητὸν
1212 1939 1260 2002 καὶ
1283 1937 1411 2021 φθαρτὸν
1439 1936 1653 2017 erediderunt,

295 2036 413 2103 deinde
428 2039 611 2106 Aristotelis
634 2041 687 2124 qui
711 2041 848 2126 ἀγένητον
871 2044 918 2105 καὶ
939 2042 1087 2128 ἄφθαρτον
1112 2039 1247 2124 putavit,
1271 2039 1409 2121 denique
1431 2037 1577 2102 Platonis
1599 2036 1652 2118 qni

293 2142 411 2222 γενητὸν
440 2143 489 2205 καὶ
514 2143 662 2227 ἄφθαρτον
695 2144 789 2224 dixit,
820 2152 886 2208 tum
913 2143 1019 2228 pergit
1047 2142 1148 2227 [l,6]:
1194 2141 1261 2210 τοὺς
1289 2141 1321 2204 δὲ
1354 2139 1492 2223 ἀγένητον
1526 2140 1573 2202 καὶ
1601 2139 1653 2222 ἄρα

296 2242 402 2326 θαρτον
425 2247 693 2318 κατασκευάζοντας
715 2245 817 2330 λόγους
832 2247 1023 2331 προτέρους
1038 2245 1156 2309 τακτέον
1174 2292 1223 2308 ...
1258 2243 1491 2325 Exspectamus
1507 2245 1653 2325 πρώτους;

295 2345 352 2408 sed
374 2344 523 2428 scriptori
545 2346 628 2411 iuter
658 2347 739 2411 duas
766 2354 888 2412 tantum
918 2347 1087 2430 opiniones
1120 2345 1298 2411 contrarias
1332 2343 1568 2408 decernendum
1604 2350 1653 2407 est

294 2444 496 2531 [of.44,21],
531 2468 601 2512 cum
624 2449 768 2513 Platonis
800 2457 833 2515 et
867 2448 1050 2514 Aristotelis
1083 2447 1264 2513 sententian
1297 2444 1460 2510 conciliari
1495 2464 1591 2528 posse
1624 2444 1653 2509 ei

294 2547 507 2632 videantur¹).
552 2550 632 2615 Inde
656 2557 825 2634 postquam
848 2572 919 2616 cnm
940 2551 1077 2615 Platone
1100 2550 1141 2615 de
1163 2557 1309 2614 creatore
1331 2548 1456 2612 locutus
1478 2552 1528 2611 est
1551 2548 1651 2628 [9,15.

293 2648 332 2712 ef.
362 2651 438 2733 13,8
461 2671 527 2734 seq.
553 2653 680 2735 14‚16],
708 2653 858 2717 continuo
890 2654 932 2718 de
955 2652 1073 2716 mundo
1098 2658 1232 2716 aeterno
1259 2649 1360 2714 verba
1381 2649 1472 2730 facit,
1500 2656 1533 2713 et
1555 2647 1653 2712 homi·

294 2771 367 2815 nem
391 2753 470 2815 θεῖον
489 2751 571 2838 ἔργον
594 2754 687 2818 simul
710 2753 854 2817 nominat
877 2764 909 2819 et
930 2755 961 2824 ἐξ
984 2755 1076 2818 ἀιδίου
1100 2753 1238 2818 existere
1260 2750 1426 2816 contendit
1450 2748 1650 2834 [22,11.12].

296 2850 449 2928 Quamvis
465 2855 631 2920 socordem
654 2857 895 2938 compilatorem
920 2857 1015 2921 istum
1038 2873 1214 2938 supponas,
1236 2853 1294 2918 illa
1316 2852 1342 2916 si
1359 2854 1574 2935 repugnantia
1589 2870 1652 2914 cre·

295 2955 440 3039 didisset,
463 2977 528 3021 uon
551 2957 597 3021 ita
617 2957 701 3022 iuter
723 2978 758 3023 se
780 2958 953 3024 nexuisset.

380 3056 465 3134 Quid
488 3057 610 3122 multa?
644 3059 774 3124 Testem
797 3060 937 3143 profero,
960 3059 1012 3143 qui
1036 3078 1120 3141 quae
1143 3057 1250 3141 operis
1273 3058 1322 3121 De
1345 3053 1650 3137 incorruptibilitate

295 3159 370 3222 olim
392 3159 488 3225 fuerit
515 3159 686 3242 conclusio,
716 3161 802 3226 clare
829 3172 981 3245 exponat.
1025 3159 1200 3225 Zacharias
1227 3158 1454 3243 Mytilenarum
1482 3155 1652 3239 episeopus

294 3262 426 3327 ineunte
449 3262 578 3327 saeculo
601 3269 692 3326 sexto
705 3262 869 3344 dialogum
891 3262 1125 3346 conscripsit²)‚
1149 3262 1181 3326 in
1204 3281 1267 3344 quo
1283 3280 1318 3325 se
1334 3259 1438 3342 ipsum
1454 3265 1567 3323 contra
1581 3257 1653 3320 Am·

294 3365 435 3428 monium
464 3362 717 3428 Alexandrinum
739 3365 957 3448 disputantem
984 3364 1115 3429 inducit.
1159 3364 1261 3428 Multa
1294 3382 1352 3444 per
1384 3367 1486 3425 totum
1520 3378 1601 3441 opus
1634 3376 1653 3422 e

295 3466 431 3530 Platone
455 3465 570 3541 bausit,
594 3467 694 3529 multa
716 3467 747 3529 in
771 3467 963 3532 refutatione
990 3486 1008 3531 e
1031 3465 1213 3530 christianis
1241 3461 1461 3545 scriptoribus3
1488 3459 1546 3524 sed
1568 3458 1653 3522 unde

299 3586 381 3650 quae
405 3567 573 3631 Ammonio
602 3566 712 3631 tribuit
738 3577 928 3651 argumenta
961 3568 1118 3648 babuerit,
1152 3564 1380 3648 quaerendum.
1435 3562 1519 3627 Nam
1552 3559 1652 3644 ipsius

293 3668 453 3733 Ammonii
477 3669 644 3752 opiniones
667 3690 740 3735 eum
764 3691 945 3753 proponere
972 3671 1025 3735 vel
1056 3669 1129 3734 ideo
1153 3688 1217 3732 non
1240 3665 1392 3731 credibile
1415 3670 1476 3746 est,
1504 3662 1591 3746 quod
1617 3661 1650 3725 in

296 3771 428 3852 prologo
452 3789 487 3834 se
510 3789 566 3834 eas
588 3771 751 3836 audivisse
773 3779 896 3836 tantum
913 3774 1040 3837 latetur.
1085 3769 1244 3834 Abstrusa
1263 3788 1328 3832 non
1345 3765 1472 3830 ridetur
1486 3763 1647 3847 quaestio:

204 3898 213 3912 ·
299 3870 500 3954 Porphyrius
523 3871 606 3936 enim
629 3893 660 3955 p.
677 3874 718 3938 89
741 3873 900 3939 laudatur.
946 3873 1011 3939 Sed
1034 3873 1118 3935 bunc
1139 3873 1244 3935 locum
1267 3869 1364 3952 paulo
1380 3865 1562 3932 accuratius
1577 3883 1651 3931 exa·

295 3972 468 4037 minemus:
490 3968 580 4036 Ὅτου
604 3977 699 4058 χάριν,
724 3974 837 4058 inquit,
865 3974 1007 4038 ἀπόλλυσι
1030 3975 1098 4042 θεὸς
1121 3975 1153 4036 τὸ
1181 3972 1296 4057 ἄριστον
1323 3976 1380 4033 τῶν
1408 3967 1568 4051 γεγονότων
1590 3967 1647 4050 (sn.

293 4073 432 4157 adeptor),
467 4073 531 4157 ἦτοι
553 4073 606 4158 γὰρ
629 4077 763 4139 καλλίονα
785 4080 929 4160 ποιήσων;
953 4075 1016 4139 ἀλλ’
1046 4076 1107 4157 [καὶ
1135 4073 1220 4157 libri]
1244 4073 1278 4135 οὐ
1306 4071 1438 4135 δυνατόν·
1467 4071 1487 4153 ᾖ
1516 4071 1650 4156 χείρονα;

293 4174 357 4238 ἀλλ’
398 4176 459 4258 [καὶ
489 4174 574 4259 libri]
608 4175 641 4238 οὐ
669 4176 766 4259 θέμις·
801 4177 960 4262 ἢὸμοιονγ
995 4177 1069 4239 ἀλλὰ
1096 4176 1226 4239 παιδικὸν
1259 4174 1379 4257 ἄθυρμα
1407 4171 1492 4236 τοῦτό
1520 4195 1554 4255 γε
1576 4169 1645 4254 παρ’

365 4455 386 4520 ¹)
407 4454 444 4507 ef.
465 4456 523 4507 Von
543 4455 634 4506 Arnim
654 4471 696 4523 op.
715 4458 752 4508 cit
771 4472 795 4522 p.
811 4457 835 4509 5.

362 4541 384 4607 ⁹)
404 4543 507 4594 Aeneas
527 4541 644 4594 Gazaeus
663 4547 688 4595 et
706 4543 846 4595 Zacharias
865 4542 1038 4610 llytllcnaeua
1057 4542 1096 4594 ed.
1116 4540 1286 4594 Boissonade.
1323 4540 1397 4592 Paris
1419 4539 1494 4593 1836.
