3532 5394
266 325 298 366 IV
823 323 1078 376 Psousoounnn

269 491 334 553 divi
361 474 559 556 bomiursoc
591 494 673 556 velut
706 516 793 557 rarus
827 496 955 577 quoidam
976 496 1161 579 proprieque
1193 514 1277 556 socer
1305 503 1402 555 coetos
1429 489 1484 575 [48
1506 490 1544 556 ef.
1562 490 1627 574 39].

269 589 360 668 Quae
388 614 548 675 paganam
576 594 641 658 iam
664 595 744 658 satis
766 595 913 660 redolent
942 602 1076 677 sectam;
1111 594 1168 659 sed
1203 614 1273 659 cum
1297 593 1445 658 ridemus
1478 592 1518 658 de
1545 592 1627 658 deis

267 693 321 775 agi
355 692 417 779 [7],
453 696 561 760 Nilum
595 698 751 779 ἱερώτατον
786 696 945 779 appellari
980 696 1085 779 [108]‚
1120 716 1138 760 e
1172 715 1361 778 superorum
1396 714 1528 759 numero
1562 714 1627 758 non

269 795 371 859 solum
395 796 505 862 Iovem
534 797 641 863 sexies
664 798 708 879 [8‚
731 799 783 872 35,
807 798 858 881 37,
881 799 932 879 39,
955 799 1006 879 46,
1030 797 1094 879 91],
1123 796 1299 862 sedetiam
1322 796 1523 877 Mercurium,
1547 795 1628 860 Mar·

267 902 332 960 tem
357 895 436 981 [39],
460 899 633 964 Saturnum
658 897 741 983 [35]‚
764 899 943 965 Vulcanum
967 906 999 963 et
1021 899 1179 964 Venerem
1203 895 1271 981 [37]
1295 897 1483 962 nominatim
1506 897 1627 963 afferri:

268 1017 376 1063 noune
399 1000 528 1064 omnino
552 1001 730 1067 concedere
752 1001 895 1083 cogimur
922 1019 1002 1082 opus
1029 998 1123 1083 illud,
1152 999 1269 1064 nedum
1294 998 1439 1064 Philonis
1461 998 1516 1082 sit,
1543 1020 1585 1065 ne
1605 1019 1627 1064 a

268 1098 390 1165 Iudaeo
413 1101 541 1183 quidem
565 1101 694 1168 homine
716 1102 931 1186 conscriptum
953 1100 1047 1167 esse?

352 1201 418 1267 Sed
442 1222 518 1268 casn
541 1205 681 1286 quodam
705 1203 790 1270 felici
812 1204 931 1269 factum
955 1209 1014 1285 est,
1049 1212 1083 1267 nt
1116 1202 1253 1286 scriptor
1284 1203 1317 1266 in
1340 1223 1490 1269 sermone
1522 1203 1626 1269 obiter

265 1303 367 1368 verba
388 1305 548 1386 quaedam
575 1306 719 1381 iniceret,
753 1305 868 1388 quibus
902 1303 1006 1370 omnis
1039 1303 1081 1370 de
1115 1303 1278 1385 religionis
1313 1303 1381 1369 eius
1415 1304 1626 1385 persuasione

265 1404 388 1469 tollitur
417 1405 584 1489 dubitatio,
617 1427 702 1489 quac
728 1407 856 1490 quidem
890 1405 991 1472 rerba
1018 1404 1219 1471 Ausfeldinm
1252 1404 1373 1487 fugisse
1406 1406 1511 1471 miror.
1564 1405 1626 1491 Τῆς

266 1505 373 1589 Συρίας
395 1506 532 1590 inquit¹)
554 1508 602 1571 ἐπὶ
625 1509 756 1593 θαλάττῃ
779 1509 862 1578 πόλις
884 1508 970 1583 ἐστίν,
991 1506 1150 1572 Ἀσκάλων
1167 1506 1272 1589 ὄνομα·
1295 1506 1448 1591 γενόμενος
1470 1508 1500 1571 ἐν
1523 1511 1625 1593 ταύτῃ,

265 1607 334 1673 καθ’
362 1608 394 1671 ὃν
417 1607 522 1693 χρόνον
546 1610 587 1678 εἰς
609 1613 641 1674 τὸ
664 1616 802 1696 πατρῷον
825 1613 901 1696 ἱερὸν
924 1609 1102 1694 ἐστελλὸμην
1118 1608 1271 1692 εὐξόμενός
1294 1632 1326 1672 τε
1347 1611 1396 1672 καὶ
1419 1609 1528 1687 θύσων,
1551 1613 1625 1696 duri·

265 1710 355 1794 χανόν
377 1734 403 1774 τι
418 1713 580 1774 πελειάδων
595 1714 709 1795 πλῆθος
723 1760 730 1776 .
745 1759 773 1776 ..
797 1712 977 1796 ἐθεασάμην.
1023 1709 1183 1789 Quantum
1204 1711 1236 1776 in
1253 1710 1365 1795 paucis
1380 1710 1430 1774 his
1445 1712 1625 1777 vocabulis!

265 1809 348 1888 Quid
372 1811 478 1877 enim?
522 1811 581 1890 Qui
605 1813 686 1878 haec
705 1814 895 1897 conscripsit
909 1833 1017 1878 nonne
1040 1812 1135 1877 solito
1155 1811 1347 1877 ludaeorum
1371 1812 1493 1896 more⁷)
1516 1813 1626 1879 Hiero·

265 1913 392 1997 solyma
412 1913 561 1996 petierat,
577 1922 611 1978 ut
626 1915 659 1979 in
675 1917 795 1999 templo
812 1914 1027 1980 sacrificaret?
1049 1914 1092 1979 At
1107 1914 1248 1978 Ascalon
1264 1913 1427 1996 proximus
1450 1923 1500 1979 est
1513 1923 1625 1998 portus

265 2033 305 2079 ex
328 2015 590 2081 meridionalihus
607 2016 791 2097 regionibus
813 2016 944 2098 navigio
961 2016 1187 2100 Hierosolyma
1202 2015 1334 2098 petenti.
1378 2015 1465 2097 Ergo
1488 2017 1624 2099 scriptor

264 2134 305 2180 ex
326 2118 477 2201 Aegypto
500 2118 599 2183 venit.
645 2117 798 2199 Idemque
820 2117 900 2182 vixit
915 2126 992 2183 ante
1005 2116 1197 2200 Vespasiani
1220 2123 1370 2182 aetatem.
1416 2117 1510 2200 Nam,
1534 2126 1568 2182 nt
1583 2118 1624 2184 de

263 2215 340 2281 belli
362 2217 479 2284 iudaici
504 2227 649 2303 tempore
671 2226 808 2301 taceam,
836 2239 921 2284 anno
945 2221 987 2285 70
1014 2219 1134 2301 templo
1163 2218 1196 2282 in
1229 2226 1419 2301 perpetuum
1448 2218 1623 2301 destructo,

262 2317 489 2401 imperatorem
524 2323 642 2386 cultum
676 2320 837 2385 iudaioum
872 2319 1105 2405 Hierosolymis
1143 2319 1345 2403 prohibuisse
1378 2326 1490 2385 notum
1529 2321 1624 2405 est³).

263 2418 430 2486 Habemus
445 2423 540 2505 igitur
556 2423 742 2505 scriptorem
760 2422 978 2487 Alexandriae
996 2421 1203 2505 philosophia
1218 2421 1372 2486 imbutum
1386 2422 1487 2504 primo
1503 2442 1534 2504 p.
1548 2422 1624 2488 Chr.

261 2522 392 2585 saeculo
414 2522 591 2589 florentem.
635 2525 724 2589 Haec
748 2525 855 2590 omnia
876 2524 952 2590 vide
979 2544 1074 2606 quam
1103 2532 1180 2607 apte
1201 2524 1234 2588 in
1259 2525 1428 2588 Philonem
1452 2525 1622 2607 quadrent.

263 2619 419 2698 Quamvis
441 2645 575 2707 parram
592 2626 723 2691 Eusebii
747 2626 930 2691 testimonio
953 2625 1177 2690 anctoritatem
1193 2625 1326 2707 tribuas,
1350 2627 1451 2690 multa
1473 2635 1560 2692 certe
1581 2627 1624 2692 de

263 2723 400 2791 Philone
432 2727 619 2792 etiamtum
648 2729 825 2811 comperire
853 2730 882 2793 ci
910 2728 999 2792 licuit
1021 2747 1105 2810 quae
1128 2748 1187 2792 nos
1213 2726 1408 2811 ignoramus,
1433 2728 1623 2811 praesertim

262 2846 332 2890 cum
360 2836 485 2893 constet
508 2829 720 2911 largissimum
748 2830 828 2894 illnd
856 2829 1045 2894 eruditionis
1066 2828 1194 2910 flumen,
1223 2829 1309 2912 quod
1331 2829 1373 2894 ab
1397 2828 1528 2912 Origine
1552 2832 1623 2896 Ale-

261 2929 400 2994 xandria
416 2929 611 2996 Caesaream
628 2932 799 2997 deductum
816 2939 875 3013 est,
898 2952 962 2997 non
987 2933 1090 2996 solnm
1106 2930 1233 2997 codices
1255 2932 1345 2997 velut
1359 2932 1461 3014 ipsius
1477 2932 1623 2997 Philonis

260 3029 314 3112 (cf.
332 3031 367 3095 L.
384 3031 500 3096 Cohnii
524 3033 624 3115 praes.
648 3033 689 3098 ad
715 3034 767 3098 lib.
785 3034 834 3098 De
858 3032 983 3116 opificio
1008 3034 1117 3098 mundi
1141 3054 1230 3116 p.11;
1252 3033 1382 3098 uinlra
1405 3056 1435 3117 p.
1452 3035 1540 3117 xxv),
1564 3037 1621 3100 sed

262 3132 360 3197 etiam
382 3133 560 3200 doctrinam
577 3143 610 3201 et
625 3136 811 3201 memoriam
829 3135 1079 3201 Alexandrinam
1097 3136 1218 3200 tulisse.
1258 3136 1416 3201 Eusebius
1431 3137 1527 3218 igitur
1550 3157 1622 3202 cum

262 3233 321 3298 snb
338 3235 466 3300 nomine
482 3237 627 3302 Philonis
642 3239 752 3320 ampla
767 3237 887 3319 dialogi
903 3238 951 3303 De
967 3237 1169 3320 providentia
1184 3239 1380 3320 excerpserit
1395 3238 1621 3323 fragmenta⁴),

260 3356 368 3401 nonne
391 3337 584 3403 credendum
614 3359 649 3404 re
672 3358 750 3404 vera
778 3359 858 3420 opus
881 3358 952 3404 esse
980 3338 1074 3402 huius
1098 3340 1203 3423 potius
1229 3358 1324 3421 quam
1347 3340 1430 3403 alius
1454 3341 1621 3406 cuiusdam

261 3447 293 3502 et
315 3438 427 3503 ludaei
451 3447 484 3504 et
507 3440 717 3505 Alexandrini
741 3447 774 3504 et
797 3439 940 3504 eiusdem
963 3442 1079 3504 aetatis
1102 3441 1308 3524 philosophi?

346 3540 410 3605 Sed
426 3560 487 3623 age
503 3542 575 3624 ipsa
590 3541 720 3608 Eusebii
737 3548 890 3623 excerpta
905 3543 1086 3606 accuratius
1102 3541 1353 3607 consideremus:
1388 3564 1493 3609 sermo
1510 3565 1621 3611 eornm

261 3640 418 3706 Philoneo
442 3652 508 3707 tarn
531 3644 643 3708 similis
666 3651 725 3727 est,
754 3652 788 3708 ut
811 3644 837 3706 si
861 3644 932 3726 quis
954 3645 1079 3723 integro
1102 3663 1140 3707 ac
1165 3643 1266 3707 libero
1289 3645 1397 3709 animo
1417 3645 1620 3729 iudicaverit,

261 3751 430 3826 utrumque
453 3746 598 3811 eiusdem
621 3765 693 3810 esse
708 3745 873 3828 scriptoris
889 3744 1029 3828 profiteri
1047 3766 1110 3809 non
1128 3744 1329 3810 dubitaturus
1351 3748 1402 3811 sit.
1447 3747 1532 3813 Nam
1554 3770 1618 3814 non

261 3846 363 3909 solnm
386 3844 579 3911 rhetoricum
604 3848 754 3929 colorem,
783 3848 1020 3912 calamistratas
1047 3846 1197 3929 periodos
1225 3854 1257 3912 et
1279 3848 1427 3913 atticismi
1452 3849 1621 3916 cincinnos

260 3965 364 4029 acque
386 3967 425 4013 ac
448 3948 542 4013 Philo
565 3949 597 4013 in
621 3950 747 4014 deliciis
768 3948 867 4014 habet
891 3950 942 4013 hic
964 3968 1091 4030 quoque
1118 3948 1340 4033 philosophus,
1369 3951 1426 4015 sed
1449 3959 1482 4017 et
1504 3951 1619 4018 eadem

333 4247 353 4312 ¹)
373 4247 410 4298 De
429 4263 501 4315 prov.
517 4248 539 4301 ll
558 4265 579 4301 c.
593 4249 643 4302 107
655 4249 793 4303 :Euseb
812 4266 855 4318 ap.
874 4250 960 4316 llang.
981 4249 1003 4300 ll
1023 4248 1082 4300 elo.

330 4333 352 4399 ²)
372 4334 410 4386 Cl.
430 4336 496 4388 Phil.
515 4336 553 4390 De
573 4352 641 4389 mon.
655 4337 679 4388 ll
698 4338 749 4390 cl
772 4335 807 4404 [ll
827 4336 878 4388 223
897 4335 942 4404 11]

332 4421 353 4485 ³)
372 4422 513 4475 llommsen
534 4424 563 4475 R.
579 4422 610 4476 G.
629 4422 670 4475 Vl
687 4423 747 4476 538.

330 4509 350 4575 ⁴)
371 4509 431 4561 llas.
451 4509 543 4574 Proep.
563 4510 858 4578 eranp.b'll‘21,l⁷lll
879 4511 912 4564 13
931 4527 984 4580 seq.
1021 4511 1060 4563 Cl.
1080 4510 1191 4562 indicem
1210 4525 1280 4578 oper.
1300 4511 1366 4563 Phil.
1386 4510 1621 4564 1111111111118.
