3532 5394
659 364 913 418 Pucbbccuuun
1405 371 1466 410 xvn

108 535 309 618 περιμάχητος
330 533 413 599 sicut
434 533 522 618 apud
546 533 712 600 Philonem
736 535 904 601 debilitata
926 537 956 601 ri
980 536 1151 602 adhibetur
1178 537 1223 603 ita
1250 544 1284 602 ut
1311 543 1464 621 quantum

104 638 257 719 pretiosus
278 637 398 704 valcat.

125 788 132 800 .
194 739 370 804 Praeterea
392 745 427 802 ut
449 738 635 822 posterioris
665 741 736 806 aeri
765 740 947 806 rhetoribus
970 762 1040 807 mos
1063 749 1122 825 est,
1161 741 1343 808 recentibus
1377 743 1466 807 cotti·

109 839 197 904 diani
220 839 376 905 sermonis
399 840 566 906 vocabulis
589 841 695 923 prisca
717 863 736 908 e
759 843 921 909 veteribus
949 843 1053 927 poetis
1080 844 1236 910 arcessita
1263 844 1333 909 sine
1359 843 1466 910 discri-

108 941 194 1007 mine
220 942 334 1008 miscet
359 941 453 1007 Philo
482 941 534 1025 [cl.
559 943 651 1009 Cohn
678 947 767 1028 xnrr].
817 944 915 1010 Cuius
942 944 1069 1026 generis
1099 945 1133 1009 in
1166 946 1228 1011 hoc
1256 946 1365 1012 libello
1391 952 1466 1011 sunt

109 1045 262 1128 ἀρτίγονοι,
286 1045 457 1119 ἀσάλευτος,
480 1047 619 1128 κάματος,
635 1047 780 1132 κραταιός,
797 1049 957 1132 purpurium,
974 1047 1103 1132 ὀμβρεῖν,
1120 1049 1289 1134 παντευχία,
1307 1049 1465 1133 σκηρίπτω,

108 1147 293 1231 τριπόθητος,
317 1146 409 1221 betis,
433 1149 631 1224 ὑποσπανίζω,
654 1154 835 1236 φυλλοροεῖν.

194 1248 447 1332 Aphilosophis
474 1271 601 1333 quoque
627 1252 790 1318 veteribus
823 1271 972 1334 magnam
1005 1252 1176 1317 verborum
1210 1253 1274 1316 rim
1298 1252 1466 1318 Philonem

108 1357 285 1416 mutuatum
309 1372 381 1419 esse
403 1352 543 1418 ostendit
559 1352 701 1419 Cohnius
717 1375 782 1419 xnrr
798 1362 830 1419 et
845 1375 916 1418 rur.
952 1354 1040 1419 Idem
1056 1361 1220 1420 auctorem
1243 1354 1337 1419 huius
1360 1354 1467 1438 operis

106 1453 223 1520 fecisse
244 1453 449 1519 manifestum
472 1463 535 1539 est,
563 1476 634 1520 cum
657 1475 784 1540 semper
806 1463 862 1520 aut
885 1457 1052 1520 Platonem
1075 1463 1131 1521 aut
1154 1455 1388 1540 Peripateticos
1409 1463 1467 1521 aut

109 1554 236 1620 Stoicos
258 1564 314 1620 aut
338 1555 481 1622 Ocellum
504 1558 663 1642 expilarit.
708 1557 773 1623 Sed
796 1557 858 1622 hac
880 1577 1007 1640 quoque
1033 1558 1065 1620 in
1093 1578 1128 1623 rc
1151 1558 1270 1624 eximia
1296 1566 1345 1624 est
1373 1557 1467 1623 huius

109 1655 180 1720 libri
209 1679 284 1723 usus
310 1678 381 1723 cum
404 1658 550 1723 Philonis
576 1659 760 1724 similitudo.
806 1659 913 1724 Verba
939 1659 1023 1725 cuim
1052 1658 1167 1724 Cohnii
1191 1659 1300 1744 [xn11]:
1327 1663 1467 1723 omnium

108 1762 294 1842 scriptoram
315 1773 448 1824 veterum
473 1763 609 1824 macione
634 1764 796 1826 adornavit
818 1761 980 1824 Platonem
1001 1783 1089 1844 quem
1111 1763 1296 1845 aliquotiens
1322 1765 1357 1823 irc
1380 1761 1468 1824 libris

108 1862 171 1922 suin
193 1864 380 1924 omniaatim
402 1863 521 1941 laudat,
555 1864 651 1926 oculto
681 1866 801 1948 caepim
830 1866 919 1926 tacite
946 1863 1086 1926 adhibuit
1108 1875 1135 1925 ct
1157 1865 1325 1945 ecpilocit.
1341 1912 1368 1927 ..
1413 1885 1467 1927 occ

107 1963 207 2025 solunt
227 1965 352 2048 assopula
366 1963 514 2027 cocubalo
529 1966 580 2027 sed
600 1967 693 2027 etiam
716 1976 793 2028 totus
808 1968 927 2050 φράσεις
945 1965 1086 2027 Platonis
1108 1964 1212 2028 Ichana
1234 1966 1325 2028 Philo
1346 1968 1467 2050 repetiit

103 2068 272 2151 praesopus
293 2089 329 2130 ea
354 2064 478 2129 dionaeo
499 2067 683 2150 biscopo...
708 2067 789 2131 baec
811 2067 952 2150 iuquam,
974 2066 1076 2131 rerba
1098 2087 1163 2131 nou
1186 2067 1229 2130 ad
1251 2067 1393 2132 libellum
1417 2068 1467 2132 Dc

109 2166 236 2250 opificio
264 2167 374 2231 muudi
403 2168 461 2231 sed
484 2169 533 2233 De
555 2168 855 2252 incorruptibilitate
879 2168 998 2250 scripta
1021 2168 1151 2234 dixeris.
1175 2168 1322 2246 —Quid
1346 2169 1468 2233 multa?

109 2269 251 2334 Iudicem
277 2269 415 2352 inspice,
447 2269 501 2334 ubi
528 2290 626 2352 quae,
654 2290 725 2334 cum
753 2269 922 2335 Philonem
949 2272 1148 2346 evolverem,
1175 2271 1467 2335 animadverteram

108 2370 227 2436 similia
248 2371 412 2454 adnotari,
442 2371 529 2436 addc
560 2391 644 2454 quac
671 2391 722 2437 me
744 2370 895 2453 fugerunt
922 2372 1095 2454 legentem:
1124 2372 1261 2436 fortasse
1283 2371 1354 2455 ipse
1376 2370 1469 2454 profi-

108 2474 227 2539 teberis
249 2493 290 2539 cx
312 2475 382 2538 solo
404 2473 575 2538 verborum
598 2473 726 2539 delectu
748 2492 908 2557 apparere
930 2474 1015 2538 hunc
1041 2474 1156 2539 librum
1180 2472 1307 2537 Philoni
1331 2472 1468 2538 tribuen-

110 2576 185 2640 dum
202 2595 283 2641 esee.
313 2573 427 2657 Neque
444 2574 561 2659 obstat,
584 2574 670 2657 quod
685 2574 761 2644 ἅπαξ
776 2575 918 2658 λεγόμενα
934 2576 1095 2658 quaedam
1109 2576 1143 2640 in
1158 2596 1196 2641 eo
1218 2574 1424 2640 inveniuntur
1432 2575 1467 2658 ¹),

109 2698 179 2743 curn
204 2682 236 2743 ct
257 2676 290 2741 in
313 2675 429 2742 ceteris
452 2675 596 2741 Philonis
619 2675 769 2760 operibus
791 2676 870 2742 talia
892 2698 957 2742 non
981 2676 1086 2742 miuus
1108 2696 1207 2760 saepe
1236 2676 1445 2761 occurrant²).

196 2782 233 2844 In
260 2777 478 2860 grammaticis
507 2798 634 2861 quoque
661 2777 848 2862 scriptorem
877 2778 972 2843 huius
1000 2778 1073 2843 libri
1095 2798 1167 2843 cum
1195 2778 1332 2844 Philone
1354 2778 1468 2843 mirum

107 2883 142 2948 in
165 2880 294 2946 modum
316 2880 496 2964 concinere,
526 2878 641 2944 Cobnii
664 2879 902 2962 prolegomenis
930 2880 1056 2945 collatis
1084 2880 1255 2946 ostendere
1288 2901 1467 2964 possumus.

108 2983 211 3048 Multa
233 2983 361 3065 quidem
385 3003 425 3048 ex
447 2981 498 3047 his
520 3002 603 3064 quae
626 2980 810 3047 observarit
825 2980 954 3047 Philoni
976 3002 1041 3047 non
1064 3002 1137 3047 esse
1153 2983 1295 3065 propria,
1319 2982 1377 3048 scd
1392 2981 1468 3047 inde

108 3105 129 3150 a
151 3084 304 3168 sophistis
326 3084 413 3168 apud
436 3083 581 3150 rhetores
603 3089 768 3180 usurpata,
792 3103 856 3147 non
879 3083 1002 3165 ignoro.
1054 3083 1169 3149 Cohnii
1198 3091 1306 3149 tamen
1328 3082 1468 3165 vestigia

109 3206 239 3270 sequar:
263 3205 338 3250 nam
360 3186 442 3251 sicut
464 3186 633 3252 Philonem
655 3185 704 3249 ita
725 3184 819 3256 buius
842 3185 950 3269 operis
977 3193 1140 3251 auctorem
1164 3192 1326 3250 oratorum
1353 3205 1469 3250 sermo-

108 3310 182 3355 nem
211 3288 415 3354 affectavisse
445 3288 631 3371 singillatim
660 3287 799 3371 probare
826 3287 914 3352 haud
942 3286 1055 3352 inutile
1081 3286 1222 3369 videtur,
1255 3306 1317 3351 nec
1344 3292 1468 3350 tantum

111 3391 276 3473 utriusque
309 3389 342 3453 in
369 3389 503 3472 singulis
535 3389 727 3473 quibusdam
755 3409 930 3455 consensus
961 3394 1155 3453 momentum
1189 3387 1281 3470 facit,
1314 3394 1469 3469 quantum

110 3493 263 3558 universa
289 3491 417 3556 illorum
440 3491 631 3575 similitudo,
660 3498 694 3556 ut
717 3490 802 3573 quod
834 3491 876 3557 de
902 3491 1005 3556 altero
1028 3489 1149 3554 dictum
1176 3489 1232 3573 sit,
1265 3488 1308 3553 ad
1331 3489 1468 3554 alterum

110 3593 268 3678 exemplis
291 3594 421 3659 mutatis
443 3593 618 3659 transferre
641 3593 755 3676 possis.

197 3697 300 3778 Pergo
336 3694 451 3760 Cohnii
486 3694 730 3760 observationes
773 3693 931 3777 exemplis
966 3693 1060 3758 huius
1100 3690 1255 3757 orationis
1292 3691 1467 3758 illustrare.

110 3796 201 3874 Quae
227 3798 283 3863 ille
311 3795 398 3884 [anu.
422 3794 616 3882 xnvrrrsqq.]
645 3798 681 3860 de
702 3797 798 3860 colora
820 3798 911 3859 actim
933 3795 1096 3879 exposuit,
1123 3793 1284 3877 pertinent
1307 3794 1403 3859 etiam
1426 3794 1470 3857 ad

108 3899 204 3965 huius
227 3898 299 3964 libri
325 3899 523 3983 scriptorem.
567 3897 702 3963 Formas
730 3898 814 3964 enirn
840 3897 960 3963 atticae
987 3895 1114 3962 dialecti
1143 3895 1310 3978 praetulit,
1338 3897 1470 3959 θαλαττα

108 4002 190 4067 dixit
212 4021 277 4066 non
299 4001 450 4086 θάλασσα,
479 4000 572 4070 διττός
594 4021 660 4066 ιιοιι
683 4000 796 4080 δισσάς,
823 3998 957 4083 ἁρμόττω
983 4018 1047 4062 non
1070 3998 1204 4082 ἁρμόζω;
1238 3998 1469 4080 producentium

109 4104 261 4189 ἀφαυαίνω
288 4102 402 4187 habet,
435 4102 581 4173 ἐξαναλᾶω
611 4123 669 4186 pro
696 4101 888 4183 ἐξαναλίσκω,
919 4101 1036 4185 θρυλεῖν
1064 4120 1122 4183 pro
1150 4100 1296 4183 θρυλλεῖν.
1351 4099 1470 4164 Forma

109 4204 254 4271 seminini
276 4204 404 4287 generis
426 4204 548 4275 ἐξαίσιος
570 4203 678 4289 utitur,
700 4204 778 4269 item
801 4209 836 4267 ut
855 4201 982 4267 videtur
1005 4204 1093 4285 δῆλος
1114 4208 1188 4284 Post
1202 4201 1388 4284 Euripidem
1412 4222 1469 4284 pro

109 4311 185 4393 δήλη
208 4306 355 4372 adhibuit
377 4314 437 4373 etc.

182 4489 202 4554 ¹)
221 4486 407 4552 duburrclslrrcr,
425 4487 653 4557 κατασπαργανόω,
671 4484 794 4554 brompton,
813 4485 948 4546 νευστικός,
968 4481 1137 4555 σκληρόγεως,
1156 4482 1378 4554 συιιπιλαφρίζειν.

180 4576 200 4641 ¹)
219 4575 346 4643 Sieglried
364 4591 405 4642 op.
425 4576 469 4628 cit.
488 4592 514 4643 p.
526 4575 568 4627 46.

162 4682 261 4728 eumont,
275 4681 337 4720 Philo
352 4672 388 4719 Il.
402 4665 547 4732 ἀφθαρσίας
1249 4657 1269 4720 2
