3532 5394
684 379 764 436 ΠΕΡΙ
786 378 980 436 ΑΦΘΑΡΣΙΑΣ
999 398 1021 435 c.
1033 381 1101 436 4-5

274 576 354 637 χεται
375 555 424 617 τὸν
446 555 552 639 τρόπον
574 560 688 618 τοῦτον·
718 554 764 619 (ἐν
780 557 860 640 ἀρχή
889 555 1022 639 ἐποίησεν
1046 557 1061 618 ό
1086 557 1154 624 θεὸς
1174 558 1222 619 τὸν
1245 557 1364 639 οὐρανὸν
1390 555 1439 619 καὶ
1461 555 1512 636 τήν

276 661 343 738 γῆν·
364 659 384 740 ή
408 658 440 720 δὲ
460 663 497 741 γή
521 657 556 740 ήν
584 658 707 741 ἀόρατος
733 660 780 721 καί
804 657 1077 731 ἀκατασκεόαστος’,
1111 657 1173 721 εἶτα
1206 660 1357 742 προελθὼν
1391 659 1421 720 ἐν
1454 660 1514 723 τοῖς

275 756 370 821 ἔπειτα
385 759 488 842 μηνύει
502 762 586 822 πολιν
603 759 646 822 ότι
661 760 767 844 ήμέραι
790 763 837 823 καὶ
860 760 958 827 νύκτες
974 761 1020 823 καὶ
1037 762 1109 844 ώραι
1125 763 1173 824 καὶ
1189 761 1312 825 ἐνιαυτοὶ
1337 758 1340 844 1
1366 761 1472 842 σελήνη
1494 774 1566 818 τισιν.

275 864 371 923 τεκαὶ
395 864 485 945 ἥλιος,
508 862 536 924 οἳ
558 860 666 946 χρόνου
691 865 858 946 μετρήσεως
880 862 964 946 φύσιν
980 862 1122 938 ἐδέξαντο,
1147 864 1219 946 μετὰ
1234 867 1286 926 τοῦ
1301 864 1406 930 παντός
1428 862 1510 946 οὐρα·

237 967 322 1030 ονοδ
346 965 445 1048 μοίρας
467 966 613 1028 ἀθανάτου
635 963 774 1049 λαχόντες
797 967 974 1027 διατελοῦσιν
997 963 1148 1049 ἄφθαρτοι.

358 1063 430 1136 Τοὺς
453 1068 485 1130 δὲ
507 1067 644 1149 ἀγένητον
672 1068 720 1129 καὶ
743 1066 891 1151 ἄφθαρτον
919 1071 1184 1139 κατασκευάζοντας
1209 1068 1319 1150 λόγους,
1347 1069 1431 1131 ἕνεκα
1459 1072 1510 1151 της

272 1170 342 1253 πρδς
364 1171 409 1232 τόν
433 1171 535 1253 ὁρατὸν
558 1168 653 1254 (θεὸν)
672 1171 781 1244 αἰδοῦς,
804 1169 959 1252 προτέρους
974 1170 1092 1233 τακτέον
1108 1171 1215 1233 οἰκείαν
1238 1172 1334 1255 ἀρχὴν
1356 1169 1509 1256 λαβόντας·

273 1273 363 1335 ἅπασι
384 1278 441 1342 τοῖς
463 1273 574 1357 φθορὰν
598 1271 798 1356 ἐνδεχομέναις
821 1273 909 1334 αἰτίαι
932 1274 1022 1335 διτταὶ
1045 1278 1097 1355 τῆς
1119 1274 1275 1345 ἀπωλείας,
1301 1276 1321 1356 η
1345 1274 1397 1357 μὲν
1420 1272 1509 1347 ἐντός,
1537 1289 1551 1332 ε

272 1376 290 1456 ή
314 1376 346 1437 δὲ
368 1375 448 1443 ἐκτός
470 1373 702 1458 προῦπόκεινται.
741 1374 856 1457 σίδηρον
872 1378 939 1456 γοῦν
956 1376 1004 1437 καὶ
1019 1377 1130 1459 χαλκόν
1146 1377 1193 1438 καί
1208 1377 1258 1444 τὰς
1274 1374 1510 1460 τοιουτοτρόπους

224 1499 253 1545 ιο
272 1476 369 1546 οὐσίας
392 1478 483 1561 εὕροις
506 1477 539 1540 ἂν
562 1477 774 1561 ἁφανιζομένας
796 1477 826 1546 ἐξ
841 1478 955 1539 ἑαυτῶν
980 1478 1041 1560 μέν,
1065 1477 1132 1540 όταν
1149 1479 1335 1561 έρπηνώδους
1349 1481 1510 1562 νοσήματος

269 1582 374 1664 τρόπον
397 1582 438 1649 ίδς
460 1581 625 1664 ἐπιδραμών
654 1583 793 1662 διαφάγῃ,
827 1582 898 1663 πρὸς
925 1582 958 1644 δὲ
984 1585 1042 1642 τῶν
1069 1579 1162 1654 ἐκτός,
1196 1579 1263 1643 όταν
1292 1580 1511 1665 ἐμπιπραμένης

270 1683 361 1751 οἰκίας
383 1683 531 1766 ήπόλεως
547 1685 830 1767 συναναφλεχθεῖσαι
844 1687 883 1766 τή
899 1685 988 1766 πυρός
1005 1684 1089 1768 βιαίῳ
1113 1684 1183 1766 ριπή
1200 1684 1390 1747 διαλοθῶσιν·
1416 1684 1511 1765 όμοιο·

271 1785 384 1868 τρόπως
406 1787 436 1848 δὲ
458 1787 505 1849 καὶ
529 1786 615 1870 ζῴοις
637 1787 790 1866 ἐπιγίνεται
813 1788 943 1870 τελευτή,
968 1787 1107 1869 νοσήσασι
1132 1786 1182 1866 μὲν
1206 1785 1236 1855 ἐξ
1251 1787 1373 1865 ἑαυτῶν,
1398 1788 1453 1849 ὑπὸ
1476 1789 1509 1850 δὲ
1523 1803 1550 1844 ιο

272 1895 329 1950 τῶν
352 1889 442 1965 ἐκτός,
465 1889 673 1973 σφαττομένοις
696 1890 714 1971 ἢ
738 1889 981 1972 καταλευομένοις
1003 1887 1266 1972 ήέμπιπραμένοις
1288 1889 1307 1972 ή
1328 1890 1452 1952 θάνατον
1475 1889 1509 1952 οὐ

218 2013 248 2061 ιο
268 1994 397 2076 καθαρόν
423 1994 470 2055 τόν
500 1989 535 2054 δι’
570 1992 698 2077 ἀγχόνης
726 1993 925 2073 ὑπομένουσιν.
970 1994 996 2054 εί
1024 1993 1056 2054 δὲ
1083 1992 1232 2075 φθείρεται
1259 1993 1306 2054 καὶ
1333 1992 1451 2072 κόσμος,
1479 1993 1508 2061 ἐξ

270 2098 395 2178 ἀνάγκης
417 2096 479 2178 ήτοι
503 2094 558 2158 ὑπό
582 2119 656 2163 τινος
678 2101 735 2157 τῶν
760 2095 842 2163 ἐκτός
864 2095 882 2177 ῆ
906 2095 977 2178 πρός
1006 2118 1081 2163 τινος
1103 2100 1160 2157 τῶν
1184 2095 1213 2156 ἐν
1241 2093 1321 2178 αὐτῷ
1349 2096 1509 2178 διαφθαρή-

268 2221 348 2263 σεται
371 2200 532 2280 δυνάμεων·
558 2199 710 2283 ἀμήχανον
734 2196 760 2261 δ’
781 2199 926 2282 ἑκάτερον.
972 2199 1054 2266 ἐκτός
1082 2199 1133 2280 μὲν
1166 2198 1220 2281 γάρ
1253 2196 1336 2260 οὐδέν
1371 2197 1430 2260 ἐστι
1457 2203 1507 2261 τοῦ

695 2444 702 2464 ,’

213 2440 228 2490 ἵν
248 2456 292 2509 ση·
312 2438 333 2509 γ’
353 2440 387 2497 είς
404 2440 445 2492 τόν
459 2437 519 2493 Νῶε
538 2440 565 2491 in
586 2444 694 2505 margA
809 2439 962 2508 θάγένητον
981 2444 1045 2490 Lvr:
1071 2439 1203 2510 ἀγέννητον
1225 2442 1318 2492 VPMa
1424 2456 1562 2493 κατασκευ-

214 2528 316 2588 άζοντας
334 2527 421 2596 λόγους
440 2543 489 2578 om.
508 2531 531 2577 V
651 2528 674 2576 θ.
695 2525 709 2576 1
729 2531 775 2593 τῆς
793 2525 864 2594 πρὸς]
883 2531 928 2577 τοῦ
947 2525 1006 2596 πρὸς
1026 2530 1048 2577 V
1164 2525 1242 2577 ίτὸν
1261 2524 1350 2594 ὁρατόν
1369 2526 1428 2578 θεόν
1447 2528 1563 2596 Bernays
1598 2569 1601 2578 .

212 2617 244 2668 εί.
263 2616 374 2684 ρ.4,17.
394 2616 483 2679 23,11.
503 2615 580 2680 33‚6:
606 2615 648 2665 τόν
669 2612 758 2684 ὁρατόν
779 2618 812 2665 V:
836 2614 864 2664 τό
884 2611 973 2684 ὁρατόν
992 2617 1065 2665 LPM
1173 2612 1255 2670 αίδοῦς
1273 2618 1338 2666 PM:
1363 2613 1458 2673 ἀειδοῦς
1475 2619 1522 2668 LV

211 2704 344 2773 προτέρους
366 2705 471 2755 τακτέον
492 2707 552 2755 LE:
580 2702 685 2753 τακτέον
708 2702 841 2772 προτέρους
865 2704 942 2754 νῬΜ
1056 2699 1161 2768 οἰκείαν]
1180 2701 1238 2752 fort.
1258 2700 1326 2753 ὁσίαν
1351 2702 1471 2758 ut4.15.
1494 2703 1562 2769 25,2,

210 2792 255 2843 sed
274 2791 305 2843 εί.
325 2793 402 2843 etiam
424 2791 497 2853 15³2>
603 2789 715 2841 δάπασι
733 2789 759 2841 δὲ
779 2793 800 2840 Ε
908 2789 1001 2857 θγουν
1020 2791 1103 2840 LVE:
1125 2787 1169 2840 οὖν
1187 2792 1239 2841 ΡΜ
1345 2790 1459 2859 χαλκοῦν
1477 2795 1505 2843 M

215 2878 245 2930 10
264 2877 456 2947 ἐρπινώδουςλί
506 2859 509 2865 ¹
562 2877 691 2945 νοσήματα
709 2882 730 2929 L
840 2879 867 2928 11
895 2875 1049 2946 διαφόγοιΕ
1156 2875 1217 2944 πρὸς
1235 2876 1261 2928 δὲ
1280 2876 1362 2930 τὸνΙ,
1471 2880 1501 2929 12
1529 2883 1562 2948 πή

210 2965 484 3037 πυρὸς1τοῦπυρδςν
592 2965 651 3036 ’ριπηῖ
670 2969 727 3018 LP:
747 2964 813 3036 ῥοπή
832 2968 909 3016 ΡΜΕ
1013 2964 1044 3015 13
1063 2962 1184 3032 νοσήμασι
1196 2968 1244 3016 VE
1354 2964 1562 3035 καταλευομίνοις

209 3055 318 3121 Μουμογ
338 3058 374 3120 (ρ.
387 3053 461 3119 όδθ)ι
480 3055 523 3105 καλ
541 3053 681 3120 λουομένοις
700 3057 735 3104 V:
755 3054 798 3104 καὶ
817 3051 988 3120 κελευομένοις
1007 3055 1040 3102 L:
1060 3052 1103 3103 καί
1121 3051 1279 3119 λιυκομένοις
1298 3056 1333 3103 E:
1352 3070 1402 3104 om.
1421 3057 1472 3106 PM

209 3139 414 3211 έμπιπραμένοις]
429 3141 628 3209 καταπραμένοις
647 3144 668 3191 Ρ
811 3140 843 3191 la]
864 3138 889 3191 δὲ
908 3139 1036 3209 φθείρεται
1053 3143 1111 3191 LE:
1137 3139 1167 3207 δὴ
1189 3139 1314 3211 φθείρεται
1333 3144 1370 3191 V:
1395 3140 1560 3211 διαφθείρεται

209 3232 259 3280 ΡΜ
385 3228 489 3295 κόσμος]
508 3227 521 3279 ό
540 3229 633 3294 κόσμος
652 3231 672 3278 h·
806 3226 843 3277 16.
866 3227 894 3278 11
915 3226 1110 3297 διαφθαρήσεται
1128 3230 1212 3279 LVE:
1232 3226 1386 3297 φθαρήσεται
1404 3232 1454 3281 ΡΜ

210 3317 241 3367 11
262 3315 287 3368 δὲ
307 3318 460 3386 ἑκάτερονλ

207 3543 233 3594 έν
253 3544 326 3595 πέντε
345 3541 439 3611 βίβλοις
462 3542 654 3610 ἀναγραφέντων
674 3541 689 3610 ή
709 3542 797 3612 πρώτη
817 3539 929 3592 καλεῖται
947 3541 989 3591 καὶ
1007 3539 1166 3609 ἐπιγράφεται
1184 3538 1288 3607 Γένεσις,
1308 3539 1357 3592 ἀπὸ
1375 3543 1421 3609 τῆς
1438 3544 1483 3593 τοῦ
1502 3541 1559 3593 κόσ-

206 3648 255 3697 μου
273 3636 391 3699 γενέσεως
512 3632 560 3680 12
580 3628 672 3681 Genus.
694 3631 735 3693 1,1
852 3628 919 3680 ιιι-1.
940 3631 1033 3680 (iones.
1056 3629 1118 3694 1,14
1213 3628 1447 3695 γ511ειιοε.ὃ,“.)“.)

206 3717 221 3768 δ
241 3717 272 3769 cf.
292 3719 371 3770 Arist.
390 3716 481 3785 fragm.
495 3718 539 3769 ειλ
559 3718 626 3768 Rose
642 3717 705 3783 Lips
728 3717 791 3769 1386
812 3732 836 3783 ρ.
853 3717 932 3778 3ξ1,11
959 3733 985 3768 ιι.
1001 3715 1031 3766 19
1141 3716 1172 3766 10
1190 3716 1221 3768 de
1239 3731 1348 3784 concup.
1364 3717 1374 3766 1
1393 3717 1427 3781 (11
1446 3716 1496 3769 319
1515 3718 1558 3779 11.)

205 3803 322 3876 καθάπερ
341 3805 357 3874 ή
376 3803 496 3874 λεγομένη
515 3807 581 3875 παρὰ
599 3811 650 3861 τοῖς
670 3805 760 3872 ίαςροῐς
778 3802 925 3873 έρπηνώδης
946 3803 1018 3858 νόσος
1036 3802 1083 3855 οὺκ
1106 3802 1146 3872 ἐφ’
1165 3803 1217 3861 ἑνός
1239 3804 1337 3856 ίσταται
1359 3803 1454 3875 χωρίου

208 3892 301 3959 l4seq.
321 3893 359 3944 De
378 3898 441 3944 mut.
460 3894 559 3944 nomin.
579 3892 594 3943 8
617 3892 636 3955 (1
656 3891 706 3943 557
726 3892 770 3955 11.)
851 3887 888 3942 ἐπ’
913 3891 1024 3963 ἀγχόνην
1043 3885 1101 3965 ήξεν
1124 3887 1159 3943 ἵν’
1179 3891 1193 3943 ό
1216 3891 1303 3961 μιαρός
1321 3893 1364 3944 καὶ
1386 3889 1558 3963 δυσκάθαρτος

204 3977 267 4049 μηδὲ
286 3977 393 4049 καθαρῷ
412 3978 514 4049 θανάτῳ
534 3977 668 4049 τελευτήση
804 3979 834 4030 15
848 3995 900 4046 seq.
926 3979 1028 4031 θυινθυε
1047 3980 1168 4031 Lucanus
1186 3979 1196 4031 1
1221 3980 1236 4047 ξ
1258 3978 1289 4031 13
1310 3980 1332 4032 εί
1350 3979 1377 4031 δὲ
1399 3981 1443 4032 καλ
1461 3979 1557 4041 δοξάζει

204 4084 239 4123 τις
258 4065 319 4117 αὐτὸ
338 4071 384 4130 (sc.
402 4067 430 4118 τό
449 4069 507 4129 πᾶν)
526 4064 677 4136 φθείρεσθαι,
697 4065 752 4135 ήτοι
770 4065 818 4118 δπό
838 4084 904 4122 τινος
921 4073 973 4117 τῶν
992 4064 1042 4125 ἔξω
1061 4071 1106 4118 τοῦ
1124 4067 1223 4135 κόσμου
1241 4067 1395 4136 φθαρήσεται
1412 4065 1556 4120 δυναστευό-

203 4171 276 4220 μενον
294 4153 336 4216 (cf.
356 4152 424 4204 infra
443 4171 467 4221 ρ.
481 4155 564 4220 θόρ’ν),
588 4155 603 4220 ἢ
623 4153 672 4206 {ma
690 4172 756 4211 τινος
773 4161 826 4206 τῶν
844 4155 925 4211 ἐντός·
949 4152 1007 4207 οὔτε
1026 4153 1052 4206 δέ
1069 4154 1117 4207 θπό
1136 4172 1202 4211 τινος
1219 4160 1271 4206 τῶν
1289 4154 1396 4214 ἔξωθεν·
1419 4156 1493 4213 ἐκτός
1510 4157 1555 4226 γὰρ

201 4244 247 4291 τοῦ
266 4240 357 4297 παντὸς
376 4239 459 4292 οθδέν·
482 4243 513 4292 τὰ
531 4244 576 4313 γὰρ
596 4240 658 4293 ἄλλα
676 4245 757 4294 πάντα
776 4242 801 4293 ἐν
821 4244 857 4310 τῷ
877 4243 957 4309 παντί,
977 4244 1020 4293 καὶ
1038 4242 1067 4294 τό
1086 4239 1143 4294 ὅλον
1162 4241 1252 4294 καὶτὸ
1271 4247 1320 4293 πᾶν
1338 4242 1351 4294 δ
1370 4243 1474 4311 κόσμος·
1498 4240 1556 4296 οὔτε

202 4327 251 4379 υπὸ
269 4333 321 4378 τῶν
340 4328 365 4379 ἐν
384 4327 467 4397 αὐτῷ·
485 4327 566 4397 δεήσει
584 4331 629 4397 γὰρ
648 4332 726 4380 ταῦτα
743 4330 842 4396 μείζονά
861 4348 887 4381 τε
906 4331 949 4380 καὶ
966 4329 1155 4398 δυναμικώτερα
1173 4331 1234 4382 εἶναι
1251 4335 1295 4382 τοῦ
1313 4330 1417 4388 παντός·
1435 4334 1510 4382 τοῦτο
1528 4330 1555 4383 δὲ

200 4413 248 4466 οίυκ
266 4414 371 4483 ἀληθές·
390 4415 475 4483 ἄγεται
493 4417 539 4484 γὰρ
557 4417 589 4468 τὰ
608 4418 688 4467 πάντα
706 4416 754 4468 υπὸ
772 4422 818 4468 τοῦ
837 4418 935 4482 παντός,
956 4416 997 4481 (cf.
1010 4418 1034 4480 8,
1046 4418 1085 4479 12)
1200 4420 1220 4470 εί
1239 4418 1265 4470 δὲ
1284 4417 1340 4470 οὗτε
1359 4417 1408 4471 ίνπό
1425 4437 1491 4476 τινος
1502 4425 1554 4471 τῶν

200 4502 312 4568 ἔξωθεν,
332 4499 389 4554 οὔτε
414 4501 462 4553 ὑπό
485 4521 551 4560 τινος
576 4509 627 4554 τῶν
651 4502 750 4555 ἔνδοθεν
775 4503 929 4573 φθαρήσεται
951 4504 980 4555 τό
1004 4509 1066 4571 πᾶν,
1090 4502 1216 4577 ἄφθαρτος
1239 4506 1286 4578 ἄρα
1310 4508 1352 4558 καὶ
1375 4504 1518 4578 ἀνώλεθρος
1540 4505 1553 4558 ό

200 4590 301 4657 κόσμος.
