3532 5394
199 333 240 397 24
796 329 947 387 emerici·

253 505 464 587 διαφυλάττειν·
488 503 716 589 αδταρκέστατόν
738 528 769 568 τε
792 504 878 568 αύτδν
900 507 980 587 αύτῷ
1005 506 1053 567 καὶ
1069 506 1205 568 ἀνεπιδεᾶ
1220 504 1324 571 παντδτ
1339 495 1503 586 γεγονέναι,

255 608 379 690 μηδενός
402 611 458 671 τῶν
482 609 523 676 εἰς
545 609 684 690 διαμονὴν
708 609 898 692 ὑστερίζοντα,
925 609 976 676 τὰς
1002 611 1155 676 κενώσεως
1182 609 1229 669 καὶ
1257 609 1437 690 πληρώσεως
1464 608 1495 669 ἐν

255 709 336 794 μέρει
351 711 492 795 διαδοχὰς
514 711 717 792 ἀπωσάμενον,
739 710 785 779 αἶς
807 710 855 773 διὰ
876 711 928 792 τὴν
951 709 1079 791 ἄμουσον
1102 707 1264 793 ἀπληστίαν
1286 709 1322 770 τὰ
1345 713 1407 792 ζῷα
1422 714 1495 793 χρη·
1510 726 1538 767 ιο

255 812 333 887 σδαι,
356 813 479 875 θάνατον
495 814 556 876 ἀντὶ
574 817 652 896 ζωῆς
668 816 806 895 μνώμενα
821 812 851 895 ἧ,
867 811 899 875 τό
914 835 946 893 γε
962 812 1176 896 ἀσφαλέστερον
1192 812 1292 883 εἰπεῖν,
1315 811 1494 896 οἰκτρότερον

219 932 234 982 5
254 913 314 996 βίον
336 915 492 985 ἀπωλείας.

333 1013 396 1079 Ἔτι
418 1018 512 1081 τοίνυν
534 1017 560 1080 εἰ
583 1017 635 1100 μὲν
659 1018 784 1100 μηδεμία
806 1015 890 1100 φύσις
913 1017 1003 1083 ἀιδιος
1025 1017 1147 1099 ἑωρᾶτο,
1171 1015 1255 1098 ἧττον
1278 1014 1313 1077 ἀν
1329 1017 1445 1099 ἠδίκουν
1468 1019 1495 1079 οἱ

254 1118 366 1202 φθορὰν
383 1120 582 1202 εἰσηγούμενοι
598 1123 647 1181 τοῦ
670 1119 791 1200 κόσμου.
827 1119 916 1203 μηδὲν
933 1118 986 1202 γάρ
1002 1117 1119 1204 ἔχοντες
1134 1115 1307 1202 παράδειγμ’
1325 1117 1496 1202 ἀιδιότητος,

254 1219 372 1283 ἐδόκουν
396 1222 436 1303 [οἱ
458 1221 569 1305 φθοράν
593 1220 791 1304 εἰσηγούμενοι
812 1224 863 1283 τοῦ
885 1221 1009 1304 κόσμου]
1033 1221 1067 1284 ἀν
1094 1221 1309 1305 εύπροφοίσιστα
1344 1218 1347 1304 i
1382 1222 1456 1284 διδά·
1478 1237 1551 1280 cren.

257 1344 348 1386 σκειν·
365 1324 428 1387 ἐπεὶ
443 1325 475 1387 δὲ
490 1324 649 1407 εἱμαρμένη
670 1323 743 1385 κατὰ
758 1322 826 1391 τοὺς
842 1321 944 1405 οἶριστα
966 1327 1208 1407 φυσιολογοῦντος
1230 1322 1357 1408 ἄναρχος
1370 1325 1418 1386 καὶ
1433 1325 1496 1387 ἀτε-

204 1447 235 1494 10
257 1425 395 1509 λεύτητός
417 1427 504 1501 ἐστιν,
526 1426 646 1510 είρουσα
669 1425 719 1493 τὰς
743 1427 872 1488 ἑκάστων
895 1423 1056 1494 ἀνελλιπῶς
1078 1428 1124 1488 καὶ
1147 1426 1327 1494 ἀδιαστάτως
1348 1427 1448 1502 αἰτίας,
1472 1429 1501 1489 τί

258 1527 361 1612 δήποτ’
390 1528 456 1613 οὐχὶ
479 1530 527 1590 καὶ
550 1529 601 1611 τὴν
624 1532 673 1590 τοδ
697 1527 808 1610 κόσμου
831 1527 915 1610 φύσιν
937 1527 1053 1590 λεκτέον
1069 1528 1141 1590 εἶναι
1154 1527 1331 1610 μακραίωνα,
1354 1530 1404 1610 τὴν
1419 1529 1496 1598 τάξιν

254 1637 311 1692 τῶν
335 1630 475 1703 ἀτάκτων,
499 1631 549 1713 την
566 1631 704 1714 ἁρμονίαν
719 1636 777 1691 τῶν
793 1628 991 1712 ἀναρμόστων,
1013 1631 1065 1713 τὴν
1088 1631 1255 1713 συμφωνίαν
1277 1636 1334 1693 τῶν
1357 1631 1496 1714 ἀσυμφώ-

254 1756 320 1807 νων,
343 1733 395 1814 την
417 1733 519 1797 ἕνωσιν
542 1739 598 1796 τῶν
621 1732 823 1816 διεστηκότων,
847 1734 897 1815 τὴν
915 1732 1004 1801 ξύλων
1029 1735 1079 1814 μὲν
1102 1734 1150 1794 καὶ
1165 1732 1254 1794 λίθων
1270 1733 1336 1809 ἕξιν,
1360 1739 1497 1818 σπαρτῶν
1525 1749 1539 1790 τι

254 1858 286 1897 τε
309 1836 356 1897 καί
379 1834 503 1919 δένδρων
526 1836 620 1919 φύσιν,
643 1836 739 1920 ψυχὴν
763 1836 795 1898 δὲ
818 1831 903 1919 ζῴων
932 1836 1076 1908 ἁπάντων,
1103 1835 1266 1918 ἀνθρώπων
1294 1837 1326 1898 δὲ
1353 1839 1419 1898 νοδν
1449 1837 1497 1897 καὶ

205 1957 235 2005 ισ
254 1938 349 2020 λόγον,
371 1937 476 2021 ἀρετὴν
500 1938 532 2000 δὲ
554 1937 718 2000 σπουδαίων
741 1939 937 2020 τελειοτάτην;
959 1937 985 1999 εἰ
1007 1935 1032 1998 δ’
1054 1961 1073 2018 η
1095 1941 1145 1998 τοῦ
1168 1936 1280 2020 κόσμου
1297 1936 1381 2020 φύσις
1397 1937 1498 2022 ἀγένη-

255 2039 303 2108 τός
323 2063 356 2118 τε
378 2040 427 2102 καὶ
452 2039 609 2123 ἄφθαρτος,
638 2043 723 2125 δῆλον
752 2040 797 2102 ότι
823 2041 870 2103 καὶ
902 2040 917 2101 ό
945 2039 1065 2119 κόσμος,
1093 2040 1203 2123 αἰωνίῳ
1230 2038 1423 2124 συνεχόμενος
1450 2041 1499 2102 καὶ

257 2142 497 2226 διακρατούμενος
519 2145 629 2227 δεσμῷ.

343 2243 519 2328 Νικηθέντες
541 2242 566 2309 δ’
588 2247 643 2308 ύπδ
667 2251 718 2328 τῆς
741 2246 880 2328 ἀληθείας
902 2269 938 2308 κα

257 2350 352 2410 λοντο·
376 2350 585 2431 προςκλητικὴν
603 2350 655 2432 γάρ
672 2347 736 2433 ἔχει
750 2349 868 2431 δύναμιν
884 2333 916 2411 τδ
932 2350 1046 2424 καλλος,
1062 2349 1094 2410 τδ
1110 2347 1136 2410 δ’
1154 2349 1263 2431 ἀληθὲς
1281 2346 1284 2429 l
1302 2350 1455 2431 δαιμονίως
1477 2362 1554 2406 lorii.

202 2471 240 2518 νο
259 2450 319 2512 ἐστὶ
353 2450 450 2525 καλόν,
485 2453 526 2520 ὡς
554 2453 586 2513 τδ
619 2454 723 2536 ψεῦδος
757 2450 888 2519 ἐκτόπως
910 2449 1041 2534 αἰσχρόν.
1087 2448 1205 2534 Βοηδδς
1231 2455 1299 2533 γοῦν
1323 2453 1338 2513 ό
1362 2450 1500 2520 Σιδώνιος
1515 2469 1539 2509 ιι

204 2719 215 2769 1
236 2716 306 2785 αύτιγῖ
326 2720 360 2767 V:
380 2714 450 2784 αὐτῷ
469 2719 533 2768 PM:
553 2714 637 2767 αὐτῶν
657 2719 677 2765 L
797 2717 896 2773 πάντως
914 2715 1062 2777 Buecheler,
1081 2721 1108 2767 at
1127 2717 1158 2768 cl.
1172 2717 1288 2767 Ρετιυευ.
1307 2731 1331 2766 ν.
1350 2716 1384 2767 88
1403 2715 1434 2766 Κ.
1455 2716 1488 2768 05>
1501 2718 1553 2768 St.:

203 2805 317 2873 ἔστιγὰρ
336 2802 382 2855 ούκ
401 2801 516 2866 ἰπιδευές,
536 2802 576 2854 ἰδν
595 2800 618 2852 δ’
640 2800 669 2852 ἀν
688 2801 780 2859 παντὸς
800 2801 878 2855 ἰδεῖτο
898 2801 992 2870 [Diels]
1141 2804 1156 2854 ‘2
1176 2801 1343 2872 ύστερίζοντος
1361 2807 1412 2855 ΡΜ

203 2890 341 2960 δὴδίκουν
361 2888 508 2957 Buecheler,
533 2888 564 2940 ci.
584 2889 637 2940 ind.
657 2907 677 2940 s.
697 2910 734 2940 v.:
762 2888 865 2941 ἐδόκουν
884 2890 942 2941 libri
1058 2890 1116 2942 6st
1145 2891 1169 2942 oi
1192 2888 1287 2959 φδοράν
1316 2889 1487 2959 εἰσηγούμενοι
1509 2896 1555 2943 τοῦ

203 2979 300 3046 κόσμου
320 2977 369 3029 del.
388 2977 503 3044 Bernays
521 2978 565 3044 qui
584 2976 808 3044 ἐδόκουνιγυοιγυε
827 2976 892 3028 excl.
1002 2978 1017 3028 7
1038 2973 1180 3046 παράδειγμ’
1201 2975 1340 3048 ἀιδιότητος
1358 2978 1488 3046 Μετιιυγει
1508 2998 1554 3031 πα-

204 3064 322 3135 ράδειγμα
343 3063 464 3133 ἰδιότητος
481 3068 540 3116 LV:
570 3062 722 3132 παράδειγμα
741 3061 879 3132 ἀιδιότητος
898 3068 949 3116 ΡΜ
1066 3064 1130 3115 ὃᾶν
1153 3063 1335 3133 εύπροφοίσιστα
1356 3068 1438 3117 LVP:
1466 3065 1496 3116 ἀν
1515 3065 1556 3118 εύ-

204 3154 351 3222 προφάσητα
364 3155 406 3202 M:
426 3151 483 3202 ἀνευ
502 3152 648 3221 προφάσεως
661 3150 775 3202 Turneb.
864 3150 888 3202 8.
903 3152 917 3202 {l
937 3150 1057 3202 διδάσκειν
1071 3152 1174 3218 scripsi:
1194 3151 1287 3203 ἀδικεῖν
1307 3152 1378 3204 libri:
1396 3151 1474 3221 λέγειν
1489 3154 1556 3206 Bue-

203 3240 288 3292 cheler
378 3237 482 3306 1οτἀς]
501 3239 558 3296 τοὺς
578 3243 597 3290 P
688 3239 719 3289 l'.)
738 3238 886 3307 ἀναρμύτιυν
905 3242 956 3290 ΡΜ
1048 3239 1085 3288 12.
1108 3237 1139 3289 13
1162 3239 1346 3307 (ασυ)μφιύνων
1366 3255 1379 3291 ε
1398 3256 1461 3291 corr.
1482 3245 1511 3292 M

206 3327 246 3379 li).
268 3327 298 3378 16
318 3326 435 3395 ἀγίνητός
448 3344 474 3377 τι
488 3330 522 3378 L:
542 3325 675 3395 ἀγέννητός
693 3344 719 3376 τε
732 3329 797 3378 PM:
817 3325 951 3394 ἀγέννητος
964 3329 987 3375 V
1098 3325 1127 3375 16
1146 3326 1240 3394 αἰιίιναρ
1259 3327 1383 3378 Turneb.:
1403 3327 1476 3378 αἰῶνι
1494 3332 1555 3380 LV:

204 3414 305 3471 αἰιίινιος
323 3418 374 3466 ΡΜ
480 3412 534 3481 καὶ]
553 3413 578 3464 δί
597 3413 639 3463 καί
657 3418 687 3464 ul
706 3413 796 3464 viril>
916 3414 945 3463 18
964 3408 988 3462 δ’
1010 3410 1057 3463 ύπο
1076 3417 1114 3463 V:
1134 3411 1159 3463 δὲ
1177 3411 1225 3464 ύπδ
1243 3417 1317 3465 ΙνΡΜ
1432 3414 1461 3464 19
1481 3433 1556 3484 προς·

204 3500 322 3570 ελκτικίγν
342 3501 408 3553 coni.
426 3501 536 3567 llangey
689 3499 723 3552 20
750 3499 763 3550 ό
783 3495 900 3557 Σιδώνιος
918 3505 952 3551 L:
971 3500 984 3551 ὁ
1003 3499 1101 3555 ἰδώνιος
1120 3503 1150 3550 V:
1170 3500 1186 3568 η
1206 3498 1318 3556 σιδώνιος
1336 3504 1399 3553 PM:
1419 3502 1461 3552 καί
1481 3498 1556 3554 Ποσι-

204 3587 292 3646 δύινιος
310 3588 421 3640 Turneb.

205 3829 221 3880 2
240 3844 293 3895 seq.
311 3827 375 3879 Plat.
390 3827 454 3878 Tim.
467 3827 500 3878 73
521 3825 594 3879 Α...
614 3824 682 3886 όπως
701 3827 736 3896 μὴ
756 3831 820 3898 ταχὺ
839 3827 993 3896 διεκπερῶσα
1012 3828 1027 3897 η
1046 3829 1136 3897 τροφίγ,
1154 3826 1227 3880 πάλιν
1245 3832 1339 3898 τροφῆς
1357 3829 1442 3897 ἐτέρας
1459 3829 1557 3884 δεῖσθαι

204 3915 233 3968 τό
252 3921 326 3982 σῶμα
339 3915 479 3982 ἀναγκάζοι,
499 3915 542 3964 καί
559 3915 702 3986 παρέχουσα
721 3914 902 3986 ἀπληστίαν
920 3915 960 3967 διὰ
978 3915 1175 3984 γαστρομαργίαν
1188 3915 1338 3984 ἀφιλόσοφον
1357 3919 1399 3967 καὶ
1417 3916 1558 3984 ἄμουσον

205 4009 253 4054 πᾶν
272 4000 390 4054 ἀποτελοῖ
413 4000 541 4070 τὸγένος,
565 4002 708 4071 ἀνυπηκοον
730 4008 775 4054 τοῦ
794 4004 925 4054 θειοτάτου
947 4009 999 4053 τῶν
1018 4002 1072 4073 παρ’
1094 4003 1161 4071 ημῖν.
1340 4004 1370 4055 13
1398 4002 1473 4065 Quod
1493 4007 1558 4057 deus

205 4093 305 4143 immut.
330 4088 380 4140 αἰ
408 4087 556 4154 (1278M.)
585 4086 662 4155 (διὸς)
690 4096 742 4141 τῶν
765 4092 891 4157 σωμάτων
914 4091 946 4141 τά
969 4091 1013 4158 μὲν
1037 4089 1166 4141 ἐνεδύσατο
1190 4089 1248 4153 ἕξιν,
1273 4091 1304 4142 τὰ
1327 4090 1353 4142 δὲ
1372 4090 1452 4160 φύσιν,
1479 4093 1512 4144 τά
1530 4093 1557 4145 δὲ

206 4176 298 4247 ψυχὴν,
317 4176 348 4227 τά
367 4174 392 4227 δί
411 4174 514 4244 λογικὴν
534 4175 627 4247 ψυχήν.
664 4176 742 4228 λίθων
761 4179 806 4245 μὲν
820 4176 864 4228 οδν
879 4178 921 4228 καί
940 4175 1022 4235 ξύλων
1101 4176 1189 4245 δεσμόν
1208 4178 1388 4246 κραταιότατον
1407 4178 1456 4237 ἕξιν
1474 4179 1558 4250 εἰργά-

207 4280 265 4315 σατο
345 4263 391 4331 τὴν
410 4260 435 4313 δὲ
455 4261 526 4331 φύσιν
542 4263 656 4329 ἀπένειμε
674 4272 725 4321 τοῖς
742 4271 828 4334 φυτοῖς
907 4265 991 4337 ψυχὴν
1011 4264 1036 4315 δὲ
1049 4264 1148 4333 φύσεως
1159 4266 1221 4335 τρισὶ
1239 4264 1457 4317 διαλλάττουσανδ
1477 4273 1559 4318 ποιῶν

206 4349 283 4402 ἐποίει
300 4347 419 4419 αἰσθήσει,
438 4347 569 4420 φαντασίᾳ,
589 4347 655 4419 όρμη
675 4388 701 4402 ..
717 4392 721 4403 .
740 4357 791 4402 τῶν
805 4351 830 4402 δὲ
850 4348 924 4421 ζῴων
944 4352 1048 4403 ἕκαστον
1062 4350 1162 4421 ἀθρόων
1176 4354 1273 4422 μετέχει
1287 4360 1338 4404 τῶν
1353 4353 1493 4424 εἰρημένων
1512 4391 1558 4405 ...

205 4436 331 4494 τοσούτοις
357 4443 402 4505 μὲν
425 4439 478 4506 ζῷα
502 4437 602 4505 προέχει
625 4444 720 4506 φυτῶν,
748 4436 880 4510 ἅνθρωπος
904 4438 1027 4508 ἐξαίρετον
1053 4440 1126 4513 γέρας
1149 4438 1223 4508 ἔλαχε
1247 4438 1362 4517 διάνοιαν.
1400 4440 1431 4491 cl.
1452 4441 1488 4492 De
1514 4455 1557 4510 op.

207 4524 295 4578 mundi
314 4522 347 4575 24
366 4524 417 4593 (15,
426 4526 455 4576 17
470 4540 522 4594 seq.
533 4523 573 4593 C.)
