3532 5394
600 345 681 401 ΠΕΡΙ
701 345 898 402 ΑΦΘΑΡΣΙΑΣ
916 368 938 404 c.
952 351 1056 405 23-24
1465 356 1503 419 37

199 518 343 604 θυγατέρα
369 520 423 603 γὰρ
451 519 562 582 Πόντου
591 522 641 603 την
669 520 764 604 Δῆλον
791 523 889 606 εἴρηκε
917 525 948 586 τδ
975 525 1082 608 λεχθὲν
1110 524 1311 609 αἰνιττόμενος.
1356 527 1383 587 εἰ
1412 526 1448 608 δὴ

201 625 330 704 μειοῦται
353 624 372 704 ἡ
397 623 535 695 θάλαττα,
558 622 756 705 μειωθησεται
772 624 858 706 μὲνὴ
881 630 928 706 γῆ,
954 630 1076 709 μακραῖς
1098 624 1124 687 δ’
1145 625 1282 689 ἐνιαυτῶν
1306 626 1448 710 περιόδοις

202 723 276 807 [καὶ]
301 725 341 792 εἰς
364 724 440 786 ἅπαν
463 725 598 807 ἑκάτερον
622 729 766 809 στοιχεῖον
790 727 1024 809 ἀναλωθήσεται,
1048 729 1287 812 δαπανηθήσεται
1310 731 1341 792 δὲ
1364 731 1412 792 καὶ
1436 731 1451 791 ό
1478 747 1492 788 ο

198 826 313 907 σύμπας
336 826 393 909 ἀὴρ
416 825 448 889 ἐκ
470 831 521 889 τοῦ
544 824 607 888 κατ’
631 827 724 909 ὀλίγον
748 827 964 909 ἐλαττούμενος,
993 830 1222 913 ἀποκριθήσεται
1245 832 1277 893 δὲ
1299 832 1334 894 τόι
1357 834 1449 894 πάντα

164 948 179 997 5
198 929 239 997 εἰς
263 928 327 1010 μίαν
343 926 442 991 ούσίαν
464 928 517 1010 τἠν
540 929 641 1011 πυρός.

283 1031 334 1094 ⁶24.
380 1028 458 1113 Πρδς
480 1031 512 1092 δὲ
535 1031 586 1112 τὴν
614 1035 664 1092 τού
691 1032 787 1114 τρίτου
816 1032 975 1117 κεφαλαίου
1005 1036 1185 1117 κατασκευὴν
1213 1042 1343 1120 χρῶνται
1369 1037 1447 1120 λόγῳ

198 1135 315 1216 τοιῷδε·
334 1129 510 1216 αφθείρεται
533 1135 648 1200 πόντιος
663 1133 755 1195 ἐκεῖνο
778 1133 812 1196 ού
835 1137 928 1198 ποίντα
951 1135 986 1198 τά
1011 1136 1084 1220 με’ρη
1108 1137 1225 1221 φθαρτοί
1247 1138 1318 1216 ἐστι,
1341 1143 1392 1201 τού
1415 1139 1447 1200 δὲ

198 1234 311 1315 κόσμου
339 1237 432 1297 πάντα
457 1234 493 1296 τὰ
521 1234 595 1318 μέρη
622 1236 740 1319 φθαρτοί
766 1235 836 1311 ἐστι,
863 1238 993 1321 ρθαρτδς
1020 1238 1077 1321 ἄρα
1104 1240 1120 1301 ό
1150 1238 1259 1322 κόσμος
1282 1236 1383 1303 curro?
1433 1239 1449 1301 θ

196 1336 222 1400 δ’
244 1336 450 1421 ύπερεθέμεθα
472 1340 521 1398 νῦν
544 1337 741 1400 ἐπισκεπτέον.
786 1343 868 1401 ποῖον
898 1340 983 1422 μέρος
1011 1346 1063 1423 τῆς
1090 1347 1153 1424 γῆς,
1180 1342 1227 1405 ίνα
1256 1343 1313 1405 α’πδ
1340 1342 1446 1424 ταύτης
1461 1358 1488 1399 10

147 1461 179 1507 10
197 1439 364 1523 ἀρξώμεθα,
388 1442 486 1521 μεῖζον
509 1438 528 1521 ἢ
561 1437 688 1510 ἔλαττον,
713 1439 746 1502 ού
769 1439 867 1524 χρόνῳ
891 1443 1051 1522 διαλύεται;
1079 1444 1170 1506 λίθων
1197 1445 1224 1506 οἱ
1247 1444 1444 1528 κραταιότατοι

197 1541 246 1626 ἄρ’
276 1541 311 1604 ού
339 1542 453 1623 μυδῶσι
480 1543 528 1603 καὶ
556 1543 711 1624 σήπονταις
738 1542 813 1605 κατὰ
840 1542 891 1624 τὴν
918 1542 1006 1613 ἕξεως
1032 1545 1186 1608 ἀσθένειαν
1213 1582 1251 1591 -
1283 1547 1302 1630 ἣ
1331 1545 1356 1609 δ’
1386 1544 1446 1609 ἔστι

199 1645 390 1725 πνευματικὸς
412 1641 503 1717 τόνος,
526 1643 633 1725 δεσμός
656 1642 708 1705 οὐκ
730 1642 873 1726 ἄρρηκτος
896 1644 970 1706 ἀλλά
995 1645 1080 1728 μόνον
1096 1648 1286 1715 δυσδιάλυτος
1302 1684 1342 1692 -
1359 1650 1446 1731 θρυπ-

195 1745 310 1827 τόμενοι
331 1747 379 1808 καὶ
403 1745 514 1829 ῥέοντες
529 1745 571 1812 εἰς
585 1747 693 1828 λεπτὴν
708 1748 741 1807 τό
757 1751 870 1828 πρῶτον
891 1746 1060 1810 ἀναλύονται
1079 1783 1081 1829 ;
1099 1748 1186 1823 κόνιν,
1210 1748 1267 1811 εἷθ’
1289 1750 1407 1832 ὕστερον
1429 1764 1501 1810 tols.

199 1847 414 1932 δαπανηθέντες
435 1847 646 1917 ἐξαναλοῦνται.
692 1848 720 1909 τί
740 1847 781 1920 δ’,
804 1847 830 1909 εί
853 1849 894 1931 μὴ
918 1849 989 1932 πρδς
1011 1850 1126 1931 ἀνέμων
1150 1852 1288 1933 ριπίζοιτο
1310 1852 1342 1913 τό
1359 1852 1447 1935 ὕδωρ,

146 1972 176 2019 15
197 1952 330 2034 ἀκίνητον
353 1950 442 2013 ἐαθὲν
465 1949 521 2034 οὐχ
545 1947 593 2033 ὑφ’
622 1950 747 2034 ἡσυχίας
769 1949 889 2032 νεκροῖτ’
914 1950 964 2030 ἄν;
988 1953 1161 2036 μεταβάλλει
1189 1957 1256 2034 γοῦν
1284 1955 1332 2014 καὶ
1355 1956 1446 2017 bucco·

198 2056 333 2119 δέστατον
356 2054 471 2136 γίνεται,
495 2052 543 2114 οἶα
565 2054 663 2136 ψυχὴν
685 2052 874 2136 ἀφῃρημένον
897 2057 985 2137 ξιμον.
1031 2054 1066 2115 αί
1083 2077 1115 2136 ηε
1144 2055 1201 2137 μὴν
1229 2055 1314 2137 ἀέρος
1336 2055 1445 2138 φθοραὶ

199 2157 285 2219 παντί
304 2179 346 2239 τιμ
377 2157 476 2239 δῆλαι·
511 2161 606 2217 νοσεῖν
639 2154 692 2239 ηάρ
727 2157 774 2218 καὶ
808 2156 919 2239 φθίνειν
953 2156 1000 2218 καὶ
1029 2156 1133 2238 τρόπον
1161 2157 1222 2219 τινδι
1250 2159 1446 2240 ἀποθνήσκειν

142 2311 329 2318 ..—.——-—-.....
336 2312 355 2317 .-»
379 2311 542 2317 .—-.---

142 2412 158 2464 2
178 2412 200 2464 εί
218 2409 250 2478 δὴ
269 2415 302 2462 L:
323 2411 344 2463 tl
362 2410 388 2462 δὲ
408 2415 508 2464 VPME
617 2411 661 2478 μὲν
680 2412 696 2480 ἡ
717 2415 799 2462 ΙΝΕε
823 2412 867 2462 καὶ
886 2412 901 2480 ἡ
921 2415 973 2464 ΡΜ
1080 2411 1096 2463 3
1115 2411 1264 2482 περιοδικυίς
1282 2420 1311 2466 ut
1329 2414 1379 2466 vid.
1398 2420 1419 2468 P

142 2499 185 2569 καὶ
204 2498 285 2550 deleti
410 2495 602 2567 ἀναλωθήσεται
622 2501 708 2550 LPM:
739 2496 922 2566 ἀναλυθήσεται
941 2502 988 2550 Vll
1095 2496 1307 2568 ἀπανθήσεταιΡ
1414 2500 1502 2555 δὲκαὶ

140 2589 206 2638 PM:
227 2585 272 2636 καὶ
290 2589 351 2649 (om.
369 2584 406 2648 δὲ)
424 2588 495 2636 LVE
602 2587 618 2637 4
639 2585 719 2636 πάντα
739 2587 799 2647 (om.
817 2587 859 2648 rui)
877 2589 900 2636 L
1006 2583 1022 2635 ὅ
1044 2584 1089 2652 τἠν
1109 2584 1181 2636 libri:
1210 2590 1255 2637 rob
1274 2586 1399 2655 Βοιοορο,
1418 2604 1502 2642 erroro

139 2678 169 2724 ut
187 2672 251 2724 vid.:
280 2672 325 2741 τὴν
343 2675 388 2725 τοῦ
407 2672 506 2726 Usener
523 2672 567 2724 sed
587 2671 618 2724 cf.
638 2672 824 2739 Prolegomens
966 2670 1062 2738 θπρὸς
1080 2669 1118 2738 δὲ]
1137 2670 1163 2722 δὲ
1183 2687 1233 2724 om.
1252 2677 1281 2726 M
1422 2694 1501 2744 κεφα·

139 2757 212 2811 λαίου
235 2758 393 2828 κατασκευὴν
411 2763 446 2810 L:
471 2757 631 2826 succensebit
654 2756 792 2826 κεφαλαίου
816 2761 852 2808 E:
881 2758 1040 2826 κατασκευὴν
1063 2760 1108 2808 τού
1131 2757 1269 2825 κεφαλαίου
1288 2763 1365 2813 VPM

139 2851 252 2918 χρῶνται
271 2849 319 2897 VE
339 2845 371 2896 ci.
390 2844 463 2908 36‚7:
487 2846 607 2917 χρήσεται
624 2847 689 2897 PM:
709 2849 799 2916 χρᾶται
817 2847 852 2896 L:
876 2847 968 2915 χρῆται
988 2842 1105 2911 Bernays
1221 2845 1236 2896 7
1256 2846 1367 2918 τὰμέρη
1389 2853 1421 2913 Ε,
1440 2848 1500 2901 Ber·

140 2949 219 3000 noys:
240 2933 301 3003 μέρη
322 2936 423 2986 LVPM
529 2930 546 2983 8
566 2935 624 2997 post
643 2930 691 3000 ἀρα
709 2930 768 2982 sod.
788 2931 878 2982 καὶαι
993 2929 1057 2981 ἐστὶν
1077 2945 1126 2982 om.
1145 2935 1168 2982 ll
1276 2933 1363 2986 8.θὸ
1383 2930 1407 2984 δ’
1427 2933 1500 3007 ύπιρ-

140 3016 236 3086 θίμιθα
255 3024 298 3070 νῦν
317 3019 479 3071 ἐπισκεπτέον
499 3035 550 3072 orn.
569 3039 584 3069 v
692 3019 708 3070 9
726 3016 819 3069 τούτου
838 3035 867 3068 αι
976 3016 1007 3068 10
1025 3015 1108 3084 μεῖζον
1127 3020 1212 3069 LVE:
1232 3024 1302 3085 μεῖον
1320 3018 1347 3071 δὲ
1366 3024 1418 3073 ΡΜ

140 3104 265 3158 διαλύεται
289 3106 413 3158 Turneb:
442 3103 583 3156 διαλύσεται
608 3107 720 3157 LVPM:
752 3102 968 3172 διαλυθήσεταιλδ
993 3109 1019 3154 et
1041 3103 1158 3171 Bernays
1315 3104 1403 3170 λίθίιυν
1428 3108 1462 3174 ol)
1486 3125 1500 3161 e

140 3208 204 3244 corr.
223 3197 248 3244 V
351 3195 478 3262 κράτιστοι
497 3195 527 3243 L.
558 3192 645 3243 hiatus
663 3196 723 3258 post
741 3191 917 3259 κραταιότατοι
936 3204 1020 3257 pouss
1038 3197 1176 3242 excusetur
1284 3192 1313 3244 ll
1335 3192 1446 3259 μυδῶσιν
1465 3193 1502 3252 ὡς

140 3279 199 3348 orio.
220 3283 272 3332 PM
382 3279 412 3330 12
432 3278 524 3347 ἄμητος
542 3281 571 3330 Μ
681 3278 773 3329 1213
796 3277 966 3348 θρυπτόμενος
985 3281 1036 3329 ΡΜ
1145 3275 1177 3328 13
1196 3274 1245 3330 εἶθ’
1326 3277 1501 3339 ἐξαναλυύνται

139 3383 190 3419 orn.
210 3371 244 3418 L:
265 3367 330 3419 excl.
349 3365 497 3428 Buecheler,
517 3365 561 3417 sed
575 3365 607 3417 ci.
621 3364 674 3416 ind.
688 3381 708 3417 s.
722 3381 746 3414 ν.
759 3363 870 3416 δαπανᾶν
979 3364 1010 3414 14
1030 3362 1206 3423 ἐξαναλούνται
1218 3365 1342 3432 Berosus,
1362 3365 1394 3418 ci.
1408 3367 1500 3431 38,10,

141 3454 187 3504 ll:
207 3451 384 3512 ἐξαναλύονται
402 3452 462 3505 libri
567 3450 592 3501 τί
610 3446 635 3501 δ’
655 3451 727 3502 libri:
748 3451 785 3502 ίτι
803 3450 828 3501 δε
847 3450 960 3502 Turneb.
1062 3451 1147 3518 ἀνέμω
1168 3455 1191 3502 V
1290 3451 1415 3520 ριπίζοντα
1435 3457 1463 3505 Μ

142 3540 173 3592 15
202 3539 249 3611 ούχ
268 3555 318 3592 orn.
337 3542 391 3590 VM
499 3533 609 3606 νεκροῖτ’
629 3537 659 3588 ἄν
682 3537 788 3604 scripsi:
819 3541 951 3605 νικροῦται
969 3536 1029 3590 libri
1136 3543 1195 3605 post
1214 3540 1256 3589 καὶ
1275 3538 1333 3590 odd.
1351 3538 1381 3591 τὸ
1400 3543 1451 3592 PM

141 3627 172 3679 17
192 3626 265 3696 δῆλαι
284 3626 414 3693 Bernsys:
433 3625 509 3695 δῆλον
528 3626 600 3677 libri:
621 3625 678 3677 fort.
693 3622 771 3693 δῆλοι,
791 3622 823 3674 cl.
843 3622 921 3685 otilo
1019 3622 1189 3693 ἀποθνήσκων
1208 3628 1229 3676 L

138 3851 237 3918 bseqq.
265 3849 303 3902 De
321 3851 420 3918 provid.
440 3851 479 3903 19
516 3849 543 3901 Si
563 3865 622 3918 pers
641 3849 801 3916 corruptioni
822 3850 1001 3912 obnoxiaest,
1022 3848 1183 3917 corruptioni
1209 3850 1351 3902 obnoxium
1371 3854 1397 3902 et
1416 3855 1498 3903 totum

137 3938 173 3989 sit
191 3941 300 4004 oportet,
328 3938 397 3988 sicut
415 3939 493 3990 etism
512 3941 599 4005 portes
619 3937 709 3988 mundi
728 3941 754 3988 et
773 3937 885 4003 partium
906 3940 1000 4003 partes.
1036 3936 1067 3988 ci.
1082 3936 1145 3988 ibid.
1164 3951 1186 3988 c.
1203 3936 1297 4005 l3seq.
1316 3953 1338 3988 c..
1354 3936 1385 3988 17
1414 3937 1498 3999 Quum

137 4024 216 4087 enim,
239 4028 269 4076 ut
291 4023 402 4090 ostendi,
426 4029 511 4091 partes
535 4023 624 4075 mundi
648 4038 694 4091 per
723 4023 925 4076 destructionem
951 4023 1081 4090 corrumpi
1109 4023 1218 4086 videam,
1245 4039 1290 4075 cur
1313 4037 1366 4075 non
1389 4024 1498 4076 maiores

138 4126 241 4180 quoque
260 4115 286 4163 et
304 4110 343 4164 rel
363 4112 420 4178 ipsa
437 4110 564 4162 elemento
582 4109 680 4162 eoelum
700 4111 807 4178 inquam
827 4114 853 4162 et
871 4114 964 4162 terram
984 4110 1142 4161 destruenda
1159 4109 1213 4163 iore
1231 4110 1388 4163 concedam?

139 4199 239 4266 lbseq.
266 4198 304 4251 De
327 4199 426 4264 prorid.
445 4197 455 4249 l
475 4197 506 4249 18
534 4198 559 4261 (l
581 4197 622 4259 10)
660 4198 742 4265 Agorn
772 4195 803 4248 de
828 4213 885 4249 aero
966 4196 1174 4248 animadvertens
1201 4197 1296 4262 ipsum·
1317 4213 1387 4249 nuuc
1414 4199 1497 4250 sorices

136 4286 273 4354 passiones
291 4285 411 4350 experiri,
429 4290 456 4338 et
468 4299 567 4336 rursum
587 4284 614 4335 in
628 4284 767 4335 sanitatem
781 4280 874 4334 redire:
893 4283 964 4334 uude
983 4285 1060 4335 etism
1080 4283 1237 4335 medicorum
1251 4284 1346 4335 iudicio
1365 4299 1411 4350 per
1429 4298 1497 4335 com·

138 4372 297 4424 mutationes
310 4371 366 4424 eius
385 4371 480 4422 exoriri
495 4371 599 4423 morbos
619 4371 751 4434 statuitur,
771 4371 893 4437 quoniam
912 4370 1080 4437 languescere
1090 4385 1135 4436 per
1151 4372 1220 4423 bunc
1238 4370 1325 4422 dixere
1343 4383 1451 4436 corporo
1469 4370 1497 4421 iu

137 4459 235 4511 mundo
255 4458 396 4512 existentis
414 4457 528 4509 naturali
546 4458 602 4508 eius
622 4456 830 4524 participatione.
860 4455 909 4518 Qui
924 4472 984 4525 orgo
998 4459 1128 4509 obnoxius
1141 4463 1180 4509 est
1193 4457 1281 4508 morbo
1300 4457 1446 4523 tempestati
1467 4471 1496 4507 uc

137 4544 309 4615 corruptioni,
328 4543 420 4612 quidni
439 4545 497 4611 ipsa
515 4558 618 4612 quoque
637 4544 691 4595 rito
709 4543 811 4596 demum
831 4540 963 4610 privetur?
