3532 5394
504 1410 681 1476 ΦΙΛΩΝΟΣ
705 1408 797 1475 ΠΕΡΙ
822 1407 1053 1474 ΑΦΘΑΡΣΙΑΣ
1076 1407 1244 1474 ΚΟΣΜΟΥ
1532 1408 1602 1453 ¹¹⁴⁸⁷

1524 1467 1614 1516 lungey

336 1707 363 1769 1,
406 1702 481 1769 ’Effe‘
503 1705 553 1783 μὲν
584 1702 689 1769 παντός
715 1701 825 1783 ἀδήλου
850 1700 898 1763 καὶ
929 1700 1085 1763 σπουδαίου
1114 1700 1279 1783 πράγματος
1306 1701 1374 1764 θεδν
1397 1706 1494 1767 καλεῖν
1522 1686 1616 1794 ⁸032„

251 1808 329 1877 ἄξιον
352 1809 422 1870 διὀτι
444 1807 555 1888 ἀγαθός
582 1805 641 1868 ἐστι
668 1805 806 1887 γεννητὴς
833 1804 881 1866 καὶ
905 1801 987 1865 οὐδὲν
1018 1801 1125 1884 ἄδηλον
1153 1801 1219 1886 παρ’
1247 1804 1328 1888 αὐτῷ
1357 1807 1409 1888 τἠν
1436 1814 1494 1870 τῶν

216 2015 364 2095 5κόσμου
393 2011 476 2094 λόγον
503 2009 738 2091 ἀναγκαιότατον.
792 2006 858 2069 οὔτε
891 2007 945 2090 γὰρ
980 2006 1010 2068 ἐν
1037 2006 1188 2089 αἰσθητοῖς
1220 2008 1442 2092 παντελέστερόν
1470 2035 1496 2073 τι

253 2121 304 2179 τοῦ
327 2114 439 2197 κόσμου
462 2112 530 2176 οὔτε
552 2113 582 2174 ἐν
606 2115 720 2194 νοητοῖς
741 2110 811 2172 θεοῦ
835 2111 1020 2193 τελεώτερον,
1043 2110 1099 2172 αἰεὶ
1127 2108 1152 2172 δ’
1184 2111 1351 2192 αἰσθήσεως
1378 2114 1496 2196 ἡγεμὼν
1524 2133 1538 2173 σ

253 2223 318 2287 νοῦς
341 2218 389 2280 καὶ
411 2216 512 2300 νοητόν
536 2215 690 2296 αἰσθητοῦ,
714 2213 749 2274 τὰ
772 2213 804 2275 δὲ
826 2217 883 2274 τῶν
907 2211 1044 2296 ὑπηκόων
1068 2211 1136 2295 παρ’
1164 2213 1306 2294 ἡγεμόνος
1328 2239 1359 2277 τε
1375 2217 1422 2279 καλ
1439 2218 1498 2280 ἐπι-

253 2323 358 2384 στάτου
381 2319 468 2403 νόμος
490 2321 701 2402 φιλοπευστεῖν,
725 2316 767 2382 οἷς
789 2314 942 2399 ἐμπέφυκε
965 2314 1057 2383 πόθος
1080 2315 1221 2396 ἀληθείας
1244 2317 1359 2379 πλείων.
1397 2320 1423 2380 εἰ
1446 2322 1497 2401 μὲν

253 2423 302 2488 οὖν
324 2424 533 2508 ἐνασκηθέντες
556 2426 616 2488 τοῖς
638 2420 808 2504 φρονήσεως
830 2419 877 2480 καὶ
901 2418 1092 2502 σωφροσύνης
1113 2418 1161 2480 καί
1184 2419 1280 2502 πάσης
1303 2419 1407 2503 ἀρετῆς
1435 2421 1497 2504 δόγ·

271 2669 458 2707 υωυιιεεκατικ
476 2666 635 2703 semperne

204 2746 213 2796 l
244 2741 359 2799 Φίλωνος
386 2739 495 2794 ίουδαίου
523 2739 579 2807 περὶ
602 2734 741 2806 ἀφθαρσίας
770 2736 867 2802 κόσμου
891 2739 958 2786 VM:
990 2739 1035 2786 τοῦ
1058 2734 1135 2787 αὐτοῦ
1159 2738 1214 2805 περὶ
1237 2735 1375 2808 ἀφθαρσίας
1398 2737 1494 2805 κόσμου
1518 2739 1551 2791 P:

200 2830 313 2888 Φίλωνος
331 2830 448 2897 περὶτῆς
471 2830 516 2879 τοῦ
535 2825 631 2893 κόσμου
657 2825 775 2893 γενέσεως
798 2828 820 2875 Ι,
968 2822 1036 2875 θθῖ
1055 2823 1139 2876 καλεῖν
1157 2823 1226 2883 ἄξιον
1253 2829 1318 2877 PM:
1349 2824 1462 2894 ἐγκαλεῖν
1485 2825 1552 2885 ἄξιον

200 2923 261 2971 LV:
279 2917 393 2986 ἐγκαλεῖν
411 2915 479 2976 ἄξιον
498 2912 556 2966 θεόν
575 2914 691 2979 Bernays
816 2912 831 2963 3
850 2910 977 2982 γεννητὴς]
999 2912 1024 2962 in
1044 2928 1125 2979 marg.
1144 2913 1243 2984 γενιτης
1255 2912 1290 2965 pv
1308 2915 1348 2964 M¹
1472 2914 1487 2965 η
1506 2916 1553 2967 affl

201 3010 257 3058 LP:
283 3005 321 3056 ἀεὶ
339 3008 380 3056 M:
400 3003 421 3055 εί
440 3008 463 3053 V
587 2999 697 3068 θνόμος
718 3001 844 3066 Bernays:
864 2999 939 3055 πόνος
961 2999 1034 3050 libri:
1055 3000 1104 3051 del.
1124 2999 1265 3052 Buecheler
1380 3001 1473 3054 πλείων
1492 3003 1553 3054 Ber.

200 3109 278 3160 nays:
303 3092 377 3145 πλέον
396 3092 463 3153 libri,
482 3089 550 3157 quod
570 3088 684 3139 defendit
704 3087 844 3139 Buecheler
863 3088 908 3154 qui
928 3087 1074 3153 proposuit:
1098 3087 1229 3139 ἐπιστάτου
1252 3087 1431 3157 μιλοπευστιῖν,
1450 3089 1486 3146 οίς

201 3178 326 3251 ἀληθείας,
345 3179 430 3240 πλέον,
453 3178 497 3230 sed
520 3176 552 3228 cf.
571 3177 666 3227 testim.
808 3173 886 3224 θοόν
905 3188 955 3224 om.
976 3175 1007 3225 1²¹
1148 3180 1251 3232 <0131st
1280 3180 1326 3245 τῆς
1345 3180 1421 3229 VPM

201 3271 281 3339 πάσης
300 3271 360 3319 LV:
383 3271 456 3318 πᾶσιν
474 3268 526 3317 PM

270 3488 426 3524 τευτιιιοαικ
446 3488 477 3522 ετ
497 3486 618 3521 ειεπιιευκ

205 3560 366 3628 1seq.}>1at.
390 3559 456 3610 Tim.
476 3558 529 3609 θῑυ
556 3555 608 3609 ὅσοι
631 3558 673 3608 καὶ
697 3556 762 3608 κατὰ
786 3556 865 3625 βραχὺ
888 3556 1051 3626 σωφροσ·’ννης
1075 3557 1219 3626 μετέχουσιν
1244 3558 1283 3609 ἐπὶ
1306 3557 1399 3614 παντὸς
1421 3557 1487 3629 ὁρμῇ
1510 3560 1554 3610 καὶ

202 3652 307 3717 σμικροῦ
320 3647 363 3698 καὶ
376 3645 484 3713 μεγάλου
502 3646 646 3714 πράγματος
664 3643 721 3695 θεὸν
738 3643 777 3694 αἐί
789 3662 836 3696 που
850 3643 982 3696 καλοῦσιν·
1001 3645 1067 3712 ἡμᾶς
1085 3645 1110 3697 δὲ
1122 3647 1180 3704 τοὺς
1199 3647 1253 3714 περὶ
1271 3646 1362 3703 παντὸς
1380 3645 1467 3714 λόγους
1479 3655 1554 3698 ποιεῖ-

203 3732 261 3786 σθαί
272 3752 307 3804 πη
321 3728 485 3806 μέλλονταςῄ
499 3734 596 3802 γέγονεν
613 3733 628 3799 ἢ
643 3732 686 3782 καὶ
698 3732 796 3800 ἀγεννές
809 3733 881 3793 ἐστιν,
901 3733 922 3784 εί
939 3733 973 3801 μὴ
988 3735 1127 3784 παντάπασι
1139 3733 1352 3802 παραλλάττομεν,
1367 3734 1464 3805 ἀνάγκη
1483 3733 1556 3790 θεοός
1587 3780 1589 3782 ,

202 3822 285 3873 τεκαὶ
302 3820 362 3880 θεὰς
381 3821 589 3888 ἐπικαλουμένους
606 3817 724 3890 εὔχεσθαι
736 3821 817 3870 πάντα
837 3821 902 3871 κατὰ
920 3824 978 3872 νοῦν
996 3820 1098 3878 ἐκείνοις
1116 3821 1160 3888 μὲν
1180 3820 1287 3888 μάλιστα
1306 3822 1435 3890 ἑπομένως
1452 3821 1478 3873 δέ
1496 3822 1555 3892 ἡμῖν

203 3909 292 3959 εἰπεῖν·
312 3907 363 3975 [cf.
383 3908 438 3959 Ind.
458 3925 478 3960 s.
493 3925 515 3959 v.
534 3904 631 3973 καλεῖν]
774 3907 789 3957 θ
810 3907 845 3958 De
865 3906 928 3974 opis.
947 3906 1037 3958 mundi
1058 3907 1140 3968 ems
1158 3908 1253 3975 (θοίνα)
1273 3909 1395 3978 ἐμπρεπές
1413 3905 1434 3961 δ’
1454 3910 1555 3979 ἡγεμόνι

202 3994 389 4066 προσαγορεόειν
408 3994 513 4046 ἕκαστον
531 4000 583 4046 τῶν
602 3993 725 4062 ὑπηκόων
743 3993 787 4059 [εί.
807 3995 843 4046 De
862 3994 925 4062 opif.
944 3994 1008 4058 223
1028 3993 1106 4063 64,9]
1256 3996 1272 4048 8
1290 3996 1328 4049 De
1346 3999 1401 4049 vita
1419 4004 1487 4049 cont.
1507 3999 1555 4049 e.4

204 4085 239 4149 (ρ.
252 4083 304 4135 476
315 4086 354 4146 Μ)
371 4082 407 4139 οίς
419 4082 512 4134 πλείων
524 4081 537 4134 ό
550 4081 629 4140 πόθος
641 4082 778 4151 ἐπιστήμης
791 4081 914 4150 ἐνίδρυται
1020 4082 1035 4133 9
1046 4099 1103 4151 sqq.
1122 4083 1159 4134 De
1171 4085 1278 4136 somniis
1292 4086 1302 4136 I
1322 4101 1343 4137 c.
1358 4084 1391 4135 23
1410 4085 1432 4151 (I
1445 4085 1496 4137 644
1506 4084 1555 4150 M.)

202 4176 256 4228 ταῖς
274 4170 319 4236 μέν
336 4169 367 4238 δὴ
386 4175 439 4221 τῶν
457 4169 542 4240 ἄκρως
556 4168 785 4240 ἐκκεκαθαρμένων
804 4169 921 4227 διανοίαις
939 4170 1107 4242 ἀψοφητὶ...
1127 4169 1211 4229 όθεδς
1229 4172 1403 4242 ἐμπεριπατεῖ.
1417 4211 1441 4224 ..
1459 4178 1512 4229 ταῖς
1530 4171 1556 4224 δὲ

202 4263 256 4309 τῶν
274 4257 312 4308 ἔτι
330 4256 532 4324 ἀπολουομένων,
552 4258 630 4327 μήπω
649 4257 675 4309 δέ
688 4258 754 4309 κατὰ
772 4257 800 4309 τό
820 4257 938 4316 παντελὲς
957 4258 1132 4327 ἐκνιψαμένων
1150 4259 1196 4328 τὴν
1216 4259 1333 4330 ρυπῶσαν
1352 4261 1394 4312 καὶ
1413 4258 1554 4328 κεκηλιδω·

204 4346 281 4414 μένην
300 4344 399 4413 σώμασι
419 4345 502 4414 βαρέσι
520 4345 588 4415 ζιρην
607 4345 705 4414 ἄγγελοι
723 4345 792 4415 λόγοι
804 4344 864 4398 θεοῦ
877 4344 1050 4418 φαιδρόνονπες
1067 4346 1144 4405 αότάς
1162 4354 1214 4404 τοῖς
1231 4346 1418 4417 καλοκαγαθίας
1437 4347 1556 4416 δόγμασιν

204 4433 253 4497 (sic
272 4432 408 4496 legendum
433 4447 479 4500 pro
498 4431 625 4501 ὄμμασιν).
664 4435 700 4486 De
719 4434 805 4486 decem
829 4448 896 4486 orac.
916 4434 966 4486 οἳ
985 4435 1019 4500 (11
1037 4434 1084 4485 182)
1099 4436 1146 4510 Μ..)
1170 4431 1279 4487 Ἐνενόει
1297 4435 1323 4487 δὲ
1342 4436 1385 4487 καὶ
1404 4437 1483 4487 ἐκεῖνο
1502 4435 1558 4487 διό-

203 4536 274 4589 τερον
294 4517 331 4570 ότι
349 4524 393 4571 τοῦ
413 4519 546 4588 μέλλοντος
569 4523 648 4593 ἰεροὺς
671 4524 763 4589 νόμους
785 4521 968 4592 παραδέχεσθαι
990 4523 1036 4593 πλην
1059 4523 1142 4595 ψυχὴν
1165 4523 1299 4592 ἀναγκαῖόν
1324 4524 1388 4576 ἐστιν
1412 4523 1555 4596 ἀπορρόψα·

257 4625 355 4676 eumont,
370 4626 431 4665 Philo
448 4620 480 4666 11.
494 4613 636 4684 αἰρθορσίας
1337 4614 1356 4676 3
