3564 5394
215 360 253 399 XX
772 357 1025 411 Peonnoonnun

215 530 309 614 χοροί,
333 530 546 614 στρατεύματα,
570 531 666 607 19,11
694 531 734 613 μὴ
759 531 874 614 βρέφος,
897 531 938 613 μὴ
959 533 1036 605 παῖς,
1060 530 1101 612 μὴ
1118 531 1279 613 μειράκιον,
1302 530 1401 613 20,19
1423 530 1576 613 αἰγείρους,

215 632 347 716 κέδροος,
371 633 489 716 πεύκας,
512 632 629 715 ἐλάτας;
663 633 762 716 23,19
785 632 884 712 νόσον,
906 638 1012 716 γῆρας,
1034 629 1157 713 ἔνδειαν,
1188 632 1287 715 29,23
1310 631 1364 696 οὐκ
1385 629 1518 708 ἔλαττον,
1541 631 1576 695 οὔ
1679 622 1684 635 ’

215 737 328 818 μεῖζον,
350 733 389 800 of.
405 734 503 817 24,11
527 753 594 816 seq.
618 734 719 817 35,14
740 754 806 816 seq.
830 742 890 800 etc.

300 836 463 901 Particula
484 859 516 899 τε
537 857 603 900 non
625 836 728 900 solum
751 835 794 899 ad
809 834 937 917 singula
956 835 1126 919 vocabula,
1150 835 1207 901 sed
1223 835 1320 900 etiam
1335 835 1379 900 ad
1394 841 1462 899 tota
1477 855 1577 901 enun-

213 937 294 1002 tiata
315 937 480 1020 iungenda
501 937 671 1002 Philonem
694 957 786 1002 usum
810 956 882 1002 esse
905 943 996 1002 notat
1024 936 1177 1002 Cohnius.
1227 936 1350 1001 Eadem
1378 935 1504 1002 ratione
1531 937 1577 1002 le·

213 1038 317 1122 gimus
339 1060 371 1123 p.
387 1040 466 1121 4,19
489 1037 571 1122 ἔλεγέ
592 1063 634 1116 τε,
658 1043 699 1109 ὥς
720 1038 797 1103 ἔστιν
820 1039 951 1117 ἀκούειν,
974 1042 1213 1123 κατακερτομῶν,
1245 1060 1276 1122 p.
1292 1039 1395 1121 233⁰
1416 1039 1575 1124 πεπηγέναι

212 1167 308 1206 τε...
332 1147 522 1226 κατακρατεῖν
544 1166 639 1206 τε...
663 1141 894 1226 αὐταρκέστατόν
916 1166 959 1219 τε,
981 1143 1059 1224 36,5
1082 1142 1299 1225 ὑπεργάζεσθαί
1318 1164 1358 1206 τε.

299 1245 445 1327 Denique
480 1245 716 1311 observandum
749 1244 783 1308 in
816 1243 898 1310 libro
927 1243 999 1328 Περὶ
1029 1244 1194 1328 ἀφθαρσίας
1220 1243 1335 1325 longas
1361 1251 1394 1308 et
1420 1245 1575 1310 molestas

213 1347 364 1432 periodos
378 1347 515 1413 inveniri
530 1347 705 1431 (5,18-6.
716 1348 751 1432 73
773 1345 995 1432 20‚8-21‚2;
1017 1346 1263 1429 31‚21-32‚2)
1277 1353 1310 1411 et
1324 1344 1574 1410 concinnitatem

212 1450 349 1516 subinde
371 1449 513 1515 chiasmo
537 1449 682 1515 adhibito
705 1449 852 1515 consulto
875 1447 1019 1532 turbare,
1047 1467 1089 1513 ne
1111 1447 1206 1512 nimis
1234 1447 1336 1512 oratio
1363 1449 1574 1530 languescere

212 1553 372 1634 videatur3
407 1551 446 1616 cf.
475 1573 505 1635 ρ.
527 1553 557 1634 4,
569 1551 626 1634 203
654 1551 768 1635 24,14.
819 1548 960 1627 Quorum
990 1551 1139 1634 exempla
1170 1550 1329 1633 quaedam
1355 1549 1388 1613 in
1422 1549 1574 1615 extremis

213 1653 451 1738 prolegomenis
474 1652 618 1718 Cohnius
640 1672 767 1735 quoque
790 1659 1028 1718 commemorat.

296 1755 361 1821 Sed
394 1755 448 1820 vel
480 1756 566 1819 ultra
598 1754 678 1819 fines
713 1753 922 1837 praelationis
944 1751 1133 1820 Oohnianae
1166 1754 1343 1838 procedere
1376 1753 1464 1837 licet3
1497 1773 1572 1818 nam

212 1857 320 1923 nescio
344 1877 408 1939 quo
424 1864 519 1940 pacto
542 1856 575 1921 in
599 1875 697 1938 opere
718 1855 861 1937 alioquin
884 1855 1123 1920 accuratissimo
1147 1862 1180 1921 et
1202 1854 1452 1938 locupletissimo
1474 1875 1572 1919 unum

210 1958 399 2041 neglexerit,
423 1958 508 2041 quod
524 1957 575 2023 vel
598 1957 641 2022 ad
655 1963 777 2023 textum
793 1956 1017 2038 corrigendum
1031 1978 1095 2023 non
1111 1957 1233 2022 minimi
1249 1956 1402 2022 momenti
1416 1955 1529 2021 fuisset
1537 1956 1573 2039 ¹),

210 2066 369 2143 quatenus
392 2059 485 2125 Philo
508 2059 631 2124 hiatum
654 2058 821 2124 admiserit
842 2078 1008 2141 quaerere.
1063 2057 1157 2135 ouon
1183 2079 1254 2124 oum
1278 2060 1348 2124 eius
1373 2061 1442 2123 loco
1465 2059 1573 2124 Jesse·

209 2183 270 2227 nus
292 2181 394 2245 nuper
418 2160 558 2242 iecisset,
581 2160 723 2226 ostendit
745 2160 914 2226 Philonem
937 2168 1003 2225 tam
1026 2161 1198 2244 diligenter
1220 2162 1252 2226 in
1275 2160 1403 2245 scriptis
1425 2160 1573 2226 omnibus

209 2284 398 2329 concursum
413 2262 574 2328 vocalium
590 2263 750 2346 effugisse,
774 2270 809 2327 ut
825 2261 991 2346 particulis
1005 2263 1085 2349 ἄχρι,
1109 2265 1152 2327 ότι
1172 2263 1207 2346 (i.
1224 2283 1254 2346 q.
1278 2263 1368 2346 quia)
1391 2269 1464 2346 post
1478 2282 1574 2328 voca·

209 2366 318 2432 bulum
335 2372 460 2430 tantum
476 2365 508 2428 in
525 2372 757 2430 consonantem
773 2364 925 2430 desinens
940 2370 1095 2441 uteretur,
1110 2372 1184 2448 post
1198 2371 1307 2431 cetera
1321 2370 1430 2430 autem
1446 2385 1573 2448 semper

210 2468 307 2554 μέχρι,
324 2466 395 2530 διότι
410 2464 597 2549 praeferret.
633 2466 784 2532 Vooalem
807 2465 840 2529 in
856 2467 1007 2549 operibus
1030 2472 1098 2533 eius
1119 2487 1185 2532 non
1200 2467 1350 2550 excipere
1365 2468 1511 2532 vocalem
1527 2467 1574 2534 in·

208 2570 298 2636 venit
320 2569 381 2634 nisi
404 2568 499 2634 certis
521 2568 656 2653 legibus,
679 2588 760 2652 quas
782 2567 865 2634 libro
881 2569 922 2634 de
939 2567 1073 2653 Opificio
1093 2589 1229 2635 excusso
1252 2569 1383 2636 easdem
1406 2568 1473 2634 sere
1488 2588 1573 2652 quae

209 2672 297 2756 apud
310 2671 516 2736 Plutarchum
532 2671 643 2736 valent
658 2690 730 2736 esse
745 2670 866 2735 statuit.
902 2670 1057 2756 Primum,
1073 2671 1176 2755 inquit
1190 2673 1236 2756 (p.
1250 2672 1315 2755 10),
1330 2674 1573 2756 companctione

209 2775 351 2836 mamma
373 2775 490 2836 iustam
509 2774 625 2857 parari
649 2771 753 2835 laam
780 2775 1003 2837 estimationem
1029 2795 1093 2837 cora
1119 2785 1162 2837 eat
1182 2775 1265 2858 quod
1289 2775 1403 2855 dham,
1435 2796 1505 2837 oum
1527 2773 1573 2836 vel

208 2878 368 2938 commatis
389 2875 462 2937 haec
482 2876 528 2936 οἱα
548 2877 599 2953 alt,
621 2884 656 2937 ut
677 2895 757 2958 qaae
778 2896 814 2938 ea
835 2896 868 2937 eo
889 2878 1049 2940 accedatur
1065 2898 1171 2962 pacare
1192 2875 1297 2940 hiatui
1310 2877 1481 2940 accusando
1502 2877 1571 2959 eaf-

208 2976 301 3047 tlcc'at.
350 2975 431 3041 Tum
453 2979 489 3038 ia
509 2974 605 3039 uerbis
620 2973 737 3039 Sacrae
751 2979 923 3060 accepturae
943 2978 1077 3041 mandis
1091 2977 1213 3040 hiatum
1231 2979 1365 3041 conualle
1381 2978 1507 3040 αόιηόνίό
1520 3025 1526 3039 .
1541 3027 1570 3042 ..

208 3100 305 3162 aeque
325 3080 426 3162 moyes
449 3078 578 3141 crtimla'
598 3077 755 3162 offendunt
780 3077 885 3142 hiatus
898 3078 1060 3162 facientes,
1093 3101 1147 3143 uec
1164 3081 1415 3164 praepoeita'ouea,
1447 3101 1501 3142 uec
1522 3081 1571 3142 uod

204 3179 413 3264 peraculo'),
432 3201 581 3264 tuaequae
602 3200 700 3243 ααακι
715 3181 868 3242 αοόίοαενι
890 3180 1038 3265 effecum,
1060 3184 1148 3245 ouius
1160 3183 1279 3265 peruris
1301 3191 1343 3244 esc
1364 3181 1474 3264 ἐτήσιοι
1496 3182 1570 3267 ὧραι

209 3293 238 3346 et
258 3305 337 3367 quoe
357 3284 479 3367 saepias
502 3283 645 3366 loquutur
667 3288 708 3368 τῷ
732 3281 802 3364 ὄντι,
825 3282 858 3346 εὖ
881 3284 977 3360 εἰδώς,
1002 3285 1088 3350 alia.
1103 3333 1132 3350 ..

294 3382 386 3462 Quae
408 3384 517 3450 omnia
538 3384 647 3450 libello
671 3384 742 3469 Περὶ
765 3387 929 3471 ἀφθαρσίας
955 3387 1076 3470 optime
1103 3387 1309 3471 conveniunt,
1341 3392 1377 3451 ut
1402 3387 1445 3452 ad
1468 3385 1570 3471 ipsius

208 3487 364 3553 sermonis
380 3486 643 3553 consuetudinem
659 3486 875 3553 definiendam
890 3489 977 3554 dicta
993 3490 1118 3556 credas.
1152 3490 1199 3556 Ac
1214 3490 1351 3574 primum
1367 3489 1409 3554 de
1424 3489 1494 3575 ἄχρι
1516 3490 1570 3555 vel

209 3589 307 3674 μέχρι,
330 3588 374 3653 ότι
389 3589 442 3655 vel
457 3588 539 3673 διότι,
566 3609 638 3654 oum
654 3589 810 3655 Jessenus
832 3590 902 3673 ipse
924 3610 964 3656 ea
986 3591 1019 3655 in
1042 3591 1103 3656 hoc
1119 3590 1200 3656 libro
1223 3591 1338 3657 eadem
1360 3591 1485 3656 ratione
1507 3609 1572 3672 qua

208 3691 240 3755 in
257 3692 373 3757 ceteris
389 3691 535 3776 usurpari
552 3691 868 3775 demonstraverim,
890 3699 997 3759 tacere
1020 3693 1105 3759 licet.
1140 3693 1206 3760 Sed
1229 3701 1262 3759 et
1281 3692 1413 3759 aliunde
1434 3698 1572 3776 apparet

207 3793 395 3876 scriptorem
418 3794 451 3858 in
473 3793 580 3860 verbis
602 3793 760 3876 eligendis
781 3813 821 3860 ac
843 3795 1053 3878 disponendis
1079 3815 1242 3862 summam
1265 3814 1406 3861 navasse
1428 3814 1571 3879 operam,

280 3946 300 4011 ¹)
317 3946 411 4000 Jeesen
441 3947 479 3999 De
497 3947 626 4000 elocutione
644 3949 754 4001 Plilom'r
772 3950 940 4002 Alexandrini
965 3951 1064 4019 (progr.
1093 3952 1227 4005 Johannei
1255 3950 1472 4019 Hamburgeneis)
1503 3949 1570 4003 1889

208 4049 234 4100 p.
249 4033 289 4085 ll.
308 4061 341 4070 —
360 4032 517 4087 Coniectura
535 4036 665 4089 Hansseni
684 4037 762 4106 κακίᾳ
780 4033 832 4088 ἀντ’
852 4038 881 4090 in
899 4036 1026 4090 Addenda
1045 4037 1147 4091 Gohuio
1167 4052 1222 4091 non
1240 4041 1296 4091 erat
1314 4037 1472 4107 recipienda.

278 4117 300 4184 ²)
320 4119 374 4172 Nee
392 4123 529 4173 numeralia
555 4122 628 4175 addit
654 4123 788 4188 Jessenus,
816 4124 861 4177 sed
880 4139 938 4178 curn
956 4124 1058 4176 nullum
1079 4125 1247 4192 proposuerit
1275 4124 1422 4193 exemplum
1450 4125 1570 4178 dubitare

207 4206 276 4272 licet,
299 4221 361 4258 num
381 4207 471 4260 dehis
490 4213 560 4262 recte
578 4210 739 4263 iudicaverit.
773 4211 825 4263 Vix
843 4211 919 4264 credo
938 4211 1074 4264 Philonem
1099 4215 1160 4279 post
1177 4210 1248 4264 όιιτιδ
1266 4212 1308 4265 vel
1327 4213 1373 4283 μιᾷ
1391 4211 1431 4264 vel
1450 4211 1570 4265 διακόσιοι

207 4294 327 4360 posuisse
345 4294 468 4346 vocalem.
505 4295 535 4347 In
553 4295 598 4350 δόο
617 4300 703 4350 auum
722 4315 736 4348 ο
759 4312 817 4348 cum
835 4297 962 4363 elidatur,
987 4299 1086 4351 hiatum
1115 4313 1170 4351 non
1189 4297 1252 4351 lacit
1276 4296 1319 4365 [cl.
1341 4298 1430 4364 tall.
1444 4300 1485 4365 16,
1503 4298 1568 4367 3,17

209 4378 254 4432 duc
274 4379 362 4448 uelud.

279 4466 300 4532 ³)
320 4466 394 4530 Quod
412 4473 499 4522 tamen
518 4468 555 4538 [p.
569 4469 597 4539 8]
616 4471 714 4524 conicit
732 4471 764 4523 de
782 4468 842 4522 διόν
861 4470 953 4541 ὁρατόν
976 4470 1095 4524 οοόίοιιιιι
1115 4472 1269 4526 testimonio
1288 4472 1420 4538 refellitur,
1445 4473 1490 4527 sed
1514 4473 1569 4541 ple·

207 4554 305 4606 uiorem
324 4555 431 4609 formam
450 4556 514 4609 διότι
530 4559 557 4610 in
570 4558 676 4611 exordio
696 4558 804 4611 solemni
824 4558 948 4626 praetulit
966 4559 1051 4625 Philo,
1069 4563 1100 4611 ut
1118 4559 1172 4612 all
1192 4561 1240 4612 ulei
1252 4576 1299 4630 pro
1312 4560 1349 4614 dal
1362 4561 1440 4614 semel
1454 4562 1568 4630 scripsit.
