3532 5394
709 313 963 369 Psouusousnn
1472 321 1514 360 vn

156 502 250 547 nemo
278 482 490 566 philosophus
515 483 600 548 inter
622 483 766 549 Graecos
789 485 905 551 talibus
932 486 1046 552 studiis
1077 507 1112 553 se
1139 487 1305 571 dedidit¹).
1352 489 1513 555 Frenden·

157 582 311 667 thallus¹)
339 586 414 649 dum
450 585 554 669 prima
586 586 675 669 apud
707 605 854 669 paganos
888 588 1060 672 scriptores
1094 589 1313 655 huiuscemodi
1347 590 1513 655 doctrinae

156 684 293 767 vestigia
315 686 527 772 persequitur,
549 697 625 753 ante
641 688 770 754 Celsum
793 696 826 753 et
849 690 1061 775 Porphyrium
1077 691 1237 756 neminem
1260 712 1357 755 unum
1380 691 1512 774 invenit,

156 806 250 870 quem
274 787 472 871 Scripturam
495 789 675 855 excussisse
696 789 827 873 probari
850 799 967 873 posset.
1013 792 1209 876 Bemaysius
1230 793 1358 875 quidem
1382 793 1512 877 unum³)

155 889 263 955 attulit
286 891 478 973 exemplum,
512 892 598 975 quod
632 893 753 958 eisdem
787 891 854 958 scre
877 894 1076 978 temporibus
1099 894 1301 958 tribuendum
1325 902 1421 977 esset,
1454 895 1511 960 sed

156 990 237 1055 illud
259 994 442 1076 exemplum
470 994 502 1057 in
536 1001 700 1060 auctorem
725 995 902 1077 retorqueri
925 1002 1040 1079 potest.
1096 996 1133 1060 In
1159 995 1367 1062 celeberrimo
1390 996 1512 1062 scilieet

156 1091 226 1176 Περὶ
250 1093 341 1177 ὕψους
362 1093 454 1177 libro,
489 1096 543 1178 qui
565 1096 694 1161 'liberio
729 1099 779 1162 vel
803 1097 886 1162 Gaio
916 1104 1073 1179 regnante
1110 1097 1305 1180 compositus
1331 1118 1404 1163 esse
1427 1118 1511 1162 nunc

152 1194 334 1277 creditur‘),
350 1196 465 1262 eadem
480 1217 545 1279 qua
567 1198 654 1281 apud
671 1199 839 1264 Philonem
854 1199 979 1264 ratione
994 1197 1109 1280 legitur
1126 1199 1217 1281 [9‚9]:
1241 1200 1257 1262 ὁ
1280 1203 1337 1262 τῶν
1357 1198 1508 1263 Ἰουδαίων

153 1298 316 1380 νομοθέτης
344 1297 401 1382 οὐχ
429 1301 445 1362 ὁ
467 1303 566 1384 τυχὼν
593 1302 677 1385 ἀνήρ,
704 1302 805 1385 ἐπειδὴ
833 1303 885 1384 τὴν
913 1305 964 1363 τοῦ
995 1301 1074 1363 θείου
1102 1301 1219 1383 δύναμιν
1249 1302 1324 1364 κατὰ
1351 1302 1402 1383 τὴν
1429 1301 1508 1370 ἀξίαν

152 1401 288 1484 ἐχώρησε
303 1400 472 1484 κοίξέφηνεν,
495 1401 583 1472 εὐθὺς
605 1403 636 1465 ἐν
659 1409 696 1487 τῇ
719 1404 840 1487 εἰσβολῇ
862 1405 974 1488 γράψας
995 1407 1052 1464 τῶν
1068 1401 1164 1484 νόμων
1187 1428 1213 1466 κ.
1227 1426 1252 1466 τ.
1264 1406 1290 1466 λ.
1336 1402 1401 1467 Sed
1425 1402 1509 1468 unde

153 1501 236 1567 hanc
263 1510 330 1566 tam
357 1502 536 1585 speciosam
564 1523 728 1569 sacrorum
755 1505 887 1570 orientis
914 1503 1127 1586 coguitionem
1151 1503 1261 1569 rhetor
1290 1503 1345 1568 ille
1373 1523 1508 1586 graecus

151 1611 314 1668 mutuatus
339 1604 411 1669 est?
459 1605 589 1670 Scilicet
611 1625 630 1670 e
652 1605 784 1671 Caecilii
808 1606 877 1690 Περὶ
901 1607 992 1689 ὕψους
1021 1606 1113 1689 libro,
1140 1625 1235 1688 quem
1262 1605 1368 1670 studio
1397 1626 1510 1689 perpe-

150 1713 205 1771 tuo
229 1706 424 1790 compilavit.
469 1708 512 1771 nt
537 1708 676 1773 Iudaeus
697 1707 757 1772 fuit
779 1708 938 1773 Caecilius
948 1707 983 1789 ⁵).
1006 1744 1048 1753 —
1075 1706 1140 1772 Sed
1167 1706 1243 1789 quid
1269 1707 1379 1772 aliena
1405 1727 1508 1772 arces-

150 1808 248 1872 simus
271 1808 483 1891 argnmenla?
526 1809 576 1873 Ex
598 1809 668 1891 ipso
692 1809 763 1895 Περὶ
785 1810 950 1893 ἀφθαρσίας
969 1808 1049 1873 libro
1074 1809 1178 1874 elucet
1200 1808 1321 1892 scripta
1343 1828 1437 1873 sacra
1459 1809 1508 1872 lu·

149 1909 304 1975 dacorum
319 1911 372 1975 vel
388 1910 520 1976 eruditis
535 1919 633 1994 atque
649 1912 784 1976 excultis
800 1911 980 1976 hominibus
997 1917 1072 1974 tunc
1086 1908 1196 1992 ignota
1211 1911 1319 1976 fuisse.
1365 1909 1507 1987 Quorum

150 2031 265 2076 caussa
287 2011 369 2077 haee
392 2012 520 2095 scripsit
542 2015 558 2075 δ
580 2019 638 2076 τῶν
659 2011 811 2077 Ἰουδαίων
827 2012 989 2096 νομοθέτης
1005 2011 1138 2096 Μωυσῆς
1160 2015 1277 2096 γενητὸν
1292 2015 1341 2077 καὶ
1357 2013 1505 2096 ἄφθαρτον

149 2113 277 2198 ἔφητὸν
300 2114 410 2198 κόσμον
433 2115 464 2177 ἐν
480 2117 571 2198 ἱεραῖς
586 2116 707 2199 βίβλοις·
732 2117 802 2200 εἰσὶ
826 2117 863 2178 δὲ
885 2115 989 2178 πέντε
1012 2117 1058 2177 ὦν
1081 2117 1142 2198 τὴν
1166 2119 1305 2200 πρώτην
1329 2114 1505 2198 ἐπέγραψε

147 2217 300 2300 γένεσιν,
340 2237 381 2282 ne
412 2216 485 2281 illos
516 2223 603 2281 certo
630 2214 753 2280 sciebat
780 2216 898 2281 veteris
931 2217 1116 2282 testamenti
1151 2238 1191 2283 ne
1224 2217 1344 2300 primas
1376 2214 1504 2297 quidem

149 2319 273 2384 litteras
296 2318 496 2400 cognovisse.

232 2422 377 2486 Alterum
410 2438 538 2501 quoque
566 2417 722 2484 habemus
745 2418 907 2502 indicium,
941 2419 1105 2485 cuiusnam
1136 2418 1232 2484 fuerit
1265 2427 1373 2485 sectae
1395 2425 1507 2483 auctor

150 2523 220 2608 Περὶ
243 2523 418 2607 ἀφθαρσίας.
463 2521 500 2585 In
524 2519 647 2602 reliquo
671 2521 781 2586 libello
803 2520 923 2605 quippe
945 2542 963 2586 e
986 2521 1251 2605 philosophorum
1268 2521 1417 2605 operibus
1433 2541 1506 2585 con·

148 2633 250 2709 gesto,
273 2626 364 2688 nulla
385 2622 532 2688 iudaicae
554 2622 719 2704 religionis
740 2623 877 2704 vestigia
904 2623 1040 2687 inveniri
1067 2643 1161 2688 nemo
1190 2623 1365 2703 mirabitur,
1392 2621 1449 2688 sed
1472 2621 1505 2686 in

147 2726 280 2792 exordio
296 2726 363 2791 suis
379 2724 500 2790 viribus
528 2723 760 2806 aliquantulum
783 2724 860 2788 fisus
883 2743 973 2788 suam
1000 2724 1114 2789 iterum
1130 2725 1370 2808 persuasionem
1392 2730 1505 2806 aperte

144 2828 345 2912 significavit.
394 2826 510 2892 Verbis
543 2826 628 2891 euim
663 2825 775 2911 [7,14]
810 2826 1017 2912 σφαττομένοις
1050 2827 1070 2909 ἢ
1104 2825 1344 2908 καταλευόμενοις
1371 2827 1391 2909 ἢ
1423 2826 1504 2908 έμπι·

144 2931 300 3016 πραμὲνοις
322 2931 341 3014 ἢ
365 2929 519 2993 θοίνατον
542 2928 581 2992 οδ
602 2930 758 3014 καθαρὸν
781 2930 839 2992 τδν
863 2928 904 2992 δι’
926 2927 1085 3013 ἀγχόνης
1100 2927 1291 3010 ὑπομένουσιν
1306 2927 1504 3011 Bernaysius

142 3032 213 3114 ipse
235 3031 404 3095 adnotavit
427 3029 470 3114 [p.
487 3029 542 3114 65]
584 3029 636 3095 hic
663 3038 821 3113 quantuor
848 3030 938 3095 necis
960 3048 1080 3112 genera
1102 3029 1189 3110 apud
1216 3030 1356 3095 Iudaeos
1383 3029 1503 3093 usitata

143 3133 395 3198 commemorari.
440 3131 547 3196 Adicit
573 3152 653 3196 sane
681 3131 865 3196 dubitanter
893 3131 979 3215 apud
1007 3150 1117 3194 omnes
1144 3137 1257 3211 gentes
1280 3131 1394 3196 eadem
1417 3130 1503 3196 inve·

216 3381 235 3446 ¹)
256 3381 293 3432 lle
311 3380 375 3447 ipsis
394 3379 514 3431 iudaicae
544 3379 668 3431 historiae
694 3379 864 3446 scriptoribus
889 3378 1004 3446 profanis
1026 3378 1149 3443 Iosephus
1173 3376 1307 3447 confessus
1330 3380 1370 3428 est
1395 3376 1502 3438 (Contra

144 3469 270 3535 ripiouem
290 3483 310 3519 s.
325 3466 370 3532 23)
396 3466 419 3517 ol
438 3464 527 3518 scillei
545 3464 571 3517 δὲ
589 3471 642 3517 τῶν
661 3466 800 3537 εἰρημένων
819 3464 916 3534 ἀνδρῶν
939 3468 984 3532 τῆς
1002 3464 1047 3531 μὲν
1066 3462 1236 3533 ἀληθείας...
1256 3461 1391 3533 διήμαρτον
1410 3461 1447 3513 ὅτι
1466 3461 1501 3532 μὴ

139 3563 195 3612 ταῖς
213 3554 290 3624 ἱεραῖς
308 3554 382 3623 ἡμῶν
403 3552 496 3622 βίβλοις
520 3553 690 3625 ἐνέτυχον...
727 3553 817 3605 Adicit
845 3551 949 3619 quidem
978 3550 991 3602 ὁ
1019 3550 1103 3617 μέντοι
1131 3547 1261 3619 Φαληρεὺς
1288 3546 1431 3618 Δημήτριος
1458 3551 1501 3600 καὶ

141 3640 228 3695 Φίλων
247 3640 260 3693 δ
279 3640 445 3712 πρεσβύτερος
463 3640 507 3691 καὶ
525 3636 673 3708 Εὐπόλεμος
695 3639 724 3691 o'u
750 3638 814 3691 πολὺ
839 3643 886 3706 τῆς
911 3635 1029 3706 ἀληθείας
1052 3636 1196 3705 διήμαρτον.
1239 3635 1282 3693 Οίς
1310 3636 1501 3704 συγγιγνώσκειν

140 3728 220 3790 ἄξιον·
240 3728 270 3780 oh
288 3729 335 3797 γὰρ
354 3729 413 3797 ἐνῆν
431 3726 517 3784 αὺτοῖς
534 3728 597 3794 μετὰ
616 3729 697 3797 πάσης
715 3726 841 3797 ἀκριβείας
854 3732 904 3784 τοῖς
923 3724 1052 3794 ἡμετέροις
1064 3726 1191 3792 γράμμασι
1204 3721 1413 3793 παρακολουθεῖν.
1450 3723 1500 3775 Sed

140 3817 202 3869 haec
226 3817 358 3868 sententia
380 3821 407 3867 et
431 3815 570 3867 manifeste
590 3815 774 3866 commenticia
793 3821 832 3865 est
852 3819 877 3865 et
897 3827 1011 3866 erronea.
1048 3827 1108 3863 nam
1134 3809 1290 3877 Eupolemus
1314 3809 1425 3862 ludacus
1449 3810 1499 3861 fuit

139 3901 323 3970 [Frendenthel
342 3901 486 3952 Alexander
506 3899 590 3966 Polyi.
611 3915 635 3965 p.
659 3900 707 3951 105
726 3899 793 3967 seq]
818 3905 844 3953 et
863 3902 970 3967 primam
990 3898 1144 3964 scriptorum
1164 3897 1330 3949 hebraeorum
1345 3898 1498 3960 versionem,

137 4004 205 4057 quac
226 3988 402 4055 Septuaginta
419 3987 523 4050 dieitur,
552 3985 692 4038 Ptolemaei
715 3986 877 4053 Philadelphi
898 3986 1057 4054 temporibus
1080 3987 1263 4050 postmortem
1289 3983 1414 4036 Demetrii
1442 3999 1498 4036 esse

138 4079 257 4143 coeptam
276 4089 365 4127 omnes
384 4075 554 4127 consentiunt
573 4072 760 4141 [Fraudenthal
781 4089 806 4141 p.
821 4073 922 4125 lsa-
937 4072 976 4126 Cf.
997 4071 1165 4124 Wellhausen
1186 4069 1286 4138 Encpcl.
1305 4069 1417 4121 Britcno.
1430 4070 1497 4122 Xlll

136 4178 162 4229 p.
176 4161 227 4213 667
247 4177 267 4214 s.
282 4178 304 4213 u.
324 4160 492 4229 Septuapint}

208 4248 229 4312 ²)
249 4247 422 4300 Frendcnthal
441 4247 584 4298 Alexander
604 4245 742 4312 Polyhretcr
759 4260 784 4311 p.
801 4245 858 4296 180.

209 4335 231 4400 3)
251 4335 317 4386 Nem
337 4333 482 4384 Numenius
501 4348 577 4399 quem
597 4332 675 4384 simul
694 4333 814 4384 nominet
832 4336 925 4398 postea
943 4331 1018 4382 vixit.

206 4420 228 4485 ⁴)
248 4421 360 4472 hlartem
378 4419 418 4469 De
437 4419 515 4469 libello
534 4419 589 4488 περὶ
608 4415 687 4486 ὕψους
706 4418 802 4483 (Βυιιιι.
822 4416 897 4482 diss.)
919 4415 992 4468 1877.

207 4506 228 4571 5)
247 4506 360 4558 llartens
379 4504 394 4556 l.
415 4521 436 4557 c.
454 4521 481 4576 p.
496 4505 537 4560 18.
