3532 5394
654 366 734 425 ΠΕΡΙ
755 367 951 424 memmi
969 388 992 425 c.
1004 370 1105 424 11-12
1510 371 1549 435 21

259 543 411 627 βαθύγειος
430 550 482 628 τῆς
498 545 632 628 ὑπορείυυ
648 547 844 621 συσκιάζουσι,
866 548 1008 626 γνώσεται
1030 545 1081 627 τὴν
1104 544 1253 607 ἀνένδοτον
1276 547 1322 607 καὶ
1350 546 1498 624 ἀκάματον

259 650 311 728 τῆς
336 651 391 727 γῆς
421 648 467 710 ἀεὶ
500 646 658 730 νεαζοίνσης
691 647 802 729 ἀκμήν·
838 645 908 710 ὥστ’
940 647 1024 709 οὐδὲν
1058 646 1255 708 ἐλαττωθεῖσα
1290 651 1342 730 τῆς
1374 650 1499 714 παλαιᾶς

262 748 363 831 ἰσχύος
385 750 432 811 καί
455 753 503 812 νῦν
526 747 571 814 οῖν.
594 747 625 810 εί
634 771 666 831 γε
688 751 720 810 τὸ
744 747 892 832 πρότερον,
916 747 1023 811 ἔτικτεν
1046 750 1219 832 ἀνθρώπους
1240 748 1312 832 ὑπὲρ
1336 751 1416 812 δυοῖν
1438 753 1497 811 τοῖν

259 850 504 931 ἀναγκαιοτάτων,
527 851 590 920 ένὸς
613 852 665 933 μὲν
688 855 737 913 τοῦ
762 852 802 934 μὴ
826 855 1005 914 λιποτακτεῐν
1029 851 1104 920 τάξιν
1128 852 1236 913 οἰκείαν
1259 852 1305 913 καὶ
1322 853 1445 933 μαλιστα
1468 851 1498 914 ἐν

1402 976 1497 1016 ωπου·
1515 971 1539 1012 ιυ

259 1056 393 1140 δευτέρου
416 1057 457 1129 δὲ,
480 1061 620 1137 γυναικῶν
643 1056 818 1140 ἐπικουρίας,
841 1057 871 1120 αἳ
893 1057 1012 1119 κύουσαι
1036 1058 1087 1139 μὲν
1110 1057 1276 1140 βαρυτάταις
1298 1055 1405 1141 άχθεσι
1428 1056 1498 1120 δέκα

257 1182 314 1221 που
348 1163 440 1240 μῖηνας
467 1157 620 1232 πιέζονται,
655 1160 810 1240 μέλλουσαι
841 1158 866 1222 δ’
907 1161 1067 1223 ἀποτίκτειν
1102 1162 1237 1228 πολλάκις
1269 1162 1369 1222 ὠδῖσιν
1401 1159 1500 1228 αὐταῖς

259 1260 534 1344 έναποθνήσκουσιν.
573 1260 648 1330 ὅλως
672 1261 748 1324 τοῦτ’
769 1263 822 1325 οὐκ
844 1263 966 1347 εὐήθεια
989 1263 1068 1345 δεινὴ
1093 1264 1202 1345 μήτραν
1219 1263 1429 1346 ὑπολαμβάνειν
1444 1267 1497 1346 γῆν

257 1362 478 1445 ἑγκεκολπίσθαι
500 1365 572 1446 πρὸς
595 1365 758 1448 ἀνθρώπων
782 1368 905 1450 σποράν;
930 1366 1031 1449 τὸγὰρ
1054 1369 1214 1449 ζιμογονοῦν
1236 1364 1344 1449 χωρίον
1367 1365 1427 1427 ἐστὶ
1443 1367 1497 1447 μή·

210 1487 243 1534 10
261 1489 323 1549 τρα,
342 1466 493 1549 (φύσεως,
511 1467 514 1549 1
533 1470 573 1535 ὡς
587 1467 651 1530 εἶπέ
667 1489 717 1543 τις,
734 1467 958 1552 ιἐργαστήριοά,
981 1468 1011 1530 ἐν
1027 1464 1052 1553 ᾧ
1071 1472 1133 1552 ζῷα
1149 1467 1234 1551 μόνον
1251 1469 1464 1530 ὀιαπλάττεται·
1480 1483 1551 1527 mn.

259 1571 291 1631 τὸ
308 1570 339 1632 δὲ
355 1570 388 1631 οὐ
405 1574 457 1652 γῆς
472 1569 558 1652 μέρος
573 1569 659 1645 ἐστίν,
683 1571 757 1632 ἀλλά
774 1570 852 1654 ζῴου
869 1573 985 1652 θήλεος,
1002 1571 1215 1653 ἀημιουργηθὲν
1230 1572 1271 1638 εἰς
1285 1569 1403 1652 γένεσιν.
1433 1571 1497 1632 ἐπεὶ

257 1673 304 1734 καὶ
327 1673 436 1754 μαζοὺς
457 1673 591 1756 καθάπερ
612 1675 722 1754 γυναικί
744 1678 782 1756 γη
807 1674 912 1757 φατέον
935 1675 1019 1757 ἡνίκα
1041 1674 1257 1757 ηνθρωπογάνει
1279 1673 1497 1757 προσγενέσθαι,

257 1776 365 1858 τροφὴν
388 1773 420 1836 ἵν’
447 1772 555 1859 ἔχωσιν
579 1775 686 1838 οἰκείαν
709 1778 736 1838 οἱ
752 1781 866 1859 πρῶτον
882 1777 1106 1857 άποκυηθέντες.
1152 1776 1224 1838 ἀλλά
1240 1776 1294 1859 γάρ
1310 1775 1343 1838 οὐ
1359 1774 1497 1857 ποταμίις,

256 1876 290 1938 οὐ
323 1879 401 1961 πηγή
436 1900 477 1945 τις
509 1876 637 1958 οὐδαμοῦ
672 1883 724 1961 τῆς
751 1879 922 1961 οἰκουμένης
956 1876 1020 1942 ἀνθ’
1052 1879 1154 1946 ὕδατος
1188 1877 1397 1958 μνημονεύεταί
1427 1901 1497 1940 ποτε
1525 1893 1538 1935 ι’»

206 1999 236 2047 15
256 1979 403 2064 ὀμβρησαι
430 1982 513 2062 γάλα.
558 1981 629 2063 πρὸς
655 1980 687 2042 δὲ
715 1983 751 2064 δη
779 1981 898 2051 τούτοις,
927 1982 1026 2065 ὥσπερ
1053 1980 1350 2063 γαλακτοτροφεῖσθαι
1377 1981 1435 2063 χρὴ
1463 1983 1495 2042 τὸ

263 2083 419 2166 ἀρτίγονον,
442 2083 534 2150 οὕτως
556 2083 604 2144 καῖ
627 2087 663 2165 τῇ
688 2080 723 2145 δι’
745 2084 914 2168 ἀμπεχόνης
939 2084 1033 2166 σκέπη
1061 2084 1191 2168 χρῆσθαι
1213 2084 1259 2145 ὀιά
1282 2085 1332 2150 τάς
1354 2084 1411 2144 ἀπὸ
1435 2107 1498 2165 κρυ·

258 2189 312 2266 μοι]
330 2188 333 2266 ξ
351 2186 398 2247 καὶ
423 2187 550 2252 θάλπους
572 2185 752 2268 ἐγγινομένας
775 2192 834 2254 τοῖς
857 2190 972 2267 σώμασι
996 2188 1108 2269 ζημίας,
1137 2185 1171 2248 οὔ
1193 2188 1278 2271 χάριν
1302 2190 1384 2268 μαῖαι
1407 2187 1454 2247 καὶ
1475 2203 1515 2246 195
1525 2208 1551 2246 ιι.

258 2288 388 2371 μητέρες,
411 2289 456 2356 αῖς
479 2288 616 2369 ἀναγκαία
633 2291 746 2371 φροντίς
763 2289 926 2373 εἰσέρχεται
942 2294 998 2350 τῶν
1014 2289 1209 2370 γεννωμένων,
1232 2295 1498 2372 κατασπαργανοῦσι

256 2390 292 2452 τά
322 2390 424 2475 βρέφη.
469 2389 535 2458 τοὺς
565 2391 597 2452 δὲ
619 2397 746 2474 γηγενεῖς
779 2392 885 2474 φύντας
919 2398 982 2460 πῶς
1009 2391 1061 2454 οὐκ
1090 2392 1124 2454 άν
1158 2415 1199 2460 τις
1232 2391 1320 2460 εὐθὺς
1352 2393 1498 2476 διέφθειρε

204 2514 237 2559 20
255 2493 379 2574 γυμνοὺς
403 2491 541 2560 ἐαθέντας
573 2493 591 2575 ᾖ
617 2493 701 2576 ἀέρος
728 2495 883 2578 κατάιβυὲις
910 2520 928 2576 η
953 2494 1006 2578 ἀφ’
1036 2496 1118 2578 ηλίου
1144 2493 1288 2578 φλογμὸς;
1318 2497 1421 2579 κρυμοὶ
1443 2500 1497 2580 γάρ
1513 2515 1538 2555 ιυ

206 2724 215 2772 l
240 2721 356 2788 ὓπορείου
375 2724 397 2769 V
418 2728 446 2770 ut
466 2721 532 2771 coni.
552 2720 675 2785 Mangey:
695 2717 798 2789 υπορίου
817 2723 851 2770 L:
871 2718 1014 2790 ίιπερορείου
1028 2724 1091 2772 PM:
1111 2720 1239 2791 ίιπερορίας
1257 2720 1368 2773 Τυτιιεθ.
1489 2726 1555 2774 σκιά-

205 2811 273 2870 ζονσι
293 2812 343 2861 ΡΜ
451 2807 466 2858 ‘2
486 2808 569 2875 ἀκμῆς
588 2811 609 2858 L
632 2818 635 2825 ·
717 2805 900 2857 ἐλλοιττωθεῖααι
920 2811 945 2858 Μ
1054 2808 1070 2859 3
1089 2807 1154 2875 εἴγε
1173 2812 1232 2859 LV:
1251 2808 1267 2877 ἤ
1286 2827 1313 2877 γε
1333 2812 1366 2860 P:
1387 2807 1402 2877 ῖγ
1422 2827 1449 2876 γε
1469 2814 1495 2861 Μ

205 2897 324 2962 ἔτικίτεν)
345 2897 396 2953 (τεν
415 2896 443 2946 in
463 2895 555 2960 ras.)L
662 2893 853 2945 έλιποτακτιῖν
872 2895 1012 2960 Bernays.:
1032 2893 1185 2964 λιποτακτην
1204 2900 1235 2946 L:
1255 2895 1424 2947 λειποτακτεῑν
1444 2901 1519 2949 VPM

202 2984 349 3054 θδεθτερον
369 2985 417 3035 ΡΜ
560 2987 686 3050 γυναικῶν
704 2982 826 3049 Mangey:
854 2981 969 3050 γυναικὸς
988 2983 1046 3034 libri
1180 2983 1338 3042 Ίπιέζονται
1356 2986 1424 3035 coni.
1443 2985 1553 3052 Mangey

204 3082 280 3134 τευιε,
300 3072 331 3123 cf.
351 3069 404 3122 ind.
418 3086 438 3121 s.
452 3085 489 3119 v.:
510 3069 635 3137 βιάζονται
654 3068 712 3119 libri
820 3067 845 3119 δέ
865 3069 1007 3120 ἀποτίκτειν
1026 3075 1047 3121 L
1152 3068 1168 3120 8
1187 3067 1386 3137 ἀποθνήσκουσιν
1407 3070 1519 3124 Τυιπιίι.

203 3159 270 3218 ὅλως
289 3160 361 3210 τοῦτ’
381 3155 428 3208 οὐκ
447 3161 484 3208 V:
503 3154 569 3213 ὅλως
586 3154 606 3207 τ’
629 3155 675 3207 οὐκ
695 3160 745 3208 ΡΜ
852 3153 919 3208 τοῦτ’
940 3156 986 3208 οθκ
1006 3155 1107 3224 ευήθεια
1127 3155 1191 3223 δεινὴ
1212 3172 1261 3207 om.
1281 3158 1308 3207 in
1327 3157 1375 3207 lac.
1395 3159 1462 3209 circa
1479 3158 1553 3211 XVII

203 3249 295 3300 litt.L
439 3244 469 3294 12
488 3249 519 3316 γη
539 3259 588 3295 om.
609 3246 635 3294 M
760 3242 948 3312 ἀνθρωπυγονεῖ
965 3247 992 3295 Μ
1123 3243 1153 3292 13
1175 3238 1206 3293 ἵν’
1226 3247 1314 3295 VPM:
1343 3243 1413 3312 JJVL

202 3341 304 3403 πρῶτον
323 3335 415 3384 LVM:
435 3336 531 3401 πρῶτοι
551 3335 571 3383 Ρ
686 3330 716 3383 15
735 3330 795 3401 πρὸς
814 3330 840 3382 δὲ
860 3329 902 3400 οὴ]
921 3329 946 3380 δέ
966 3346 1015 3381 om.
1036 3334 1057 3380 V
1165 3331 1213 3399 χρὴ
1233 3334 1319 3383 LPM:
1338 3330 1374 3381 δεῖ
1393 3334 1415 3381 V

205 3423 234 3474 16
254 3420 424 3489 ἀρχίγυνονΙ,
539 3415 607 3469 οὕτω
626 3421 677 3469 ΡΜ
783 3415 872 3468 καὶτὸ
893 3421 915 3467 V
1024 3416 1054 3466 17
1075 3417 1172 3484 σώμασι
1191 3421 1249 3468 LV:
1275 3416 1397 3470 θάλπουσι
1416 3422 1480 3471 PM:
1499 3437 1554 3491 τρε-

202 3510 319 3579 φομένοις
338 3507 450 3558 Turneb.
561 3506 591 3555 18
610 3504 745 3576 εἰσέρχεται
764 3505 855 3571 scripsi
876 3504 907 3554 cf,
926 3504 981 3555 ind,
1000 3521 1020 3554 s.
1040 3523 1077 3554 v.:
1097 3503 1194 3574 ἔρχεται
1213 3504 1271 3555 libri
1390 3506 1553 3574 γεννωμένων

203 3601 259 3648 LP:
278 3595 417 3662 γενομένων
439 3597 472 3643 V:
492 3591 629 3661 γινομένων
650 3596 674 3642 Μ
803 3590 833 3641 19
859 3588 1003 3658 (διιφθμιρε
1022 3606 1035 3642 e
1053 3606 1116 3642 corr.
1136 3591 1168 3641 L¹
1292 3590 1326 3641 20
1344 3587 1385 3660 ἀφ’
1406 3592 1489 3662 ἡλίου]
1509 3593 1554 3663 ἀφ’

202 3699 252 3735 om.
272 3687 295 3732 V
314 3687 342 3734 εῑ
360 3681 391 3733 οῖ.
413 3680 466 3732 ind.
486 3696 505 3730 s.
524 3700 546 3730 v.
565 3677 675 3748 φλογμός
781 3677 873 3748 κρυμοί
892 3681 980 3730 VPM:
1005 3677 1110 3747 κρυμνοί
1129 3682 1158 3741 L,
1177 3679 1208 3729 cf.
1228 3678 1281 3728 ἰιιιΙ.

205 3881 236 3933 10
254 3883 344 3931 auctor
357 3877 421 3930 dicti
440 3878 553 3944 ignotuS.
591 3877 622 3927 ι1.
642 3875 695 3926 ind.
716 3892 736 3926 s.
755 3892 778 3925 ν.
799 3875 957 3946 ἐργαστήριον
1106 3882 1110 3895 ·
1129 3875 1156 3926 11
1173 3892 1226 3944 seq.
1258 3877 1294 3929 De
1313 3892 1355 3944 ομ.
1375 3877 1463 3928 mundi
1483 3893 1504 3928 c.
1519 3877 1551 3929 65

200 3974 237 4034 (p.
252 3968 314 4031 {MV
329 3966 369 4030 C.)
394 3964 499 4021 εἰκότως
518 3963 561 4014 οὖν
585 3965 627 4014 καὶ
645 3965 676 4033 γῇ
696 3982 726 4035 τη
746 3964 903 4034 πρεσβυτάτη
928 3965 970 4014 καί
992 3965 1151 4032 γονιμωτάτη
1171 3965 1287 4033 μητέρων
1305 3963 1429 4017 ἀνέδωκεν
1448 3966 1464 4034 η
1483 3965 1553 4034 φθσις

201 4055 241 4107 οἶα
260 4054 368 4121 μαστοὺς
384 4057 505 4119 ποταμῶν
526 4050 609 4121 ῥεῖθρα
629 4053 671 4102 καῖ
688 4057 785 4120 πηγῶν,
807 4050 847 4102 ίνα
866 4053 908 4102 καῖ
927 4053 957 4103 τά
976 4052 1041 4120 φυτά
1059 4051 1157 4122 άρδοιτο
1266 4052 1296 4104 15
1320 4069 1371 4120 seq.
1392 4054 1428 4105 θυ
1447 4054 1551 4105 human.

205 4142 234 4193 17
254 4140 408 4204 (1139611.)
426 4142 524 4210 χάρισαι
543 4139 603 4209 φησί
620 4140 653 4208 τη
672 4140 746 4207 μητρὶ
764 4138 792 4190 τὸ
812 4139 911 4207 ἔγγονον
992 4137 1238 4210 γαλακτοτροφῖγσαι·
1258 4141 1300 4191 καλ
1316 4140 1351 4208 μη
1370 4139 1506 4209 ἀνωφελεῖς
1524 4141 1552 4197 ἀς

201 4230 216 4299 η
238 4230 310 4298 φύσις
323 4227 441 4296 ὤμβρησε
458 4229 537 4296 πηγάς
550 4232 594 4278 τοῦ
608 4226 731 4295 γάλακτος
744 4226 769 4276 έν
783 4234 885 4294 μαστοῖς
898 4226 987 4297 έργάση
1003 4268 1025 4278 ..
1038 4268 1043 4279 .
1153 4229 1183 4279 16
1194 4244 1246 4294 seq.
1265 4227 1302 4278 De
1316 4243 1410 4293 praem.
1423 4235 1449 4279 εῑ
1462 4230 1553 4294 poeuis

204 4318 233 4368 11
255 4315 409 4380 (1142411.)
432 4314 525 4382 σκέπης
548 4312 629 4365 διττὸν
653 4313 723 4375 εἶδος,
746 4313 775 4364 τὸ
799 4314 844 4381 μὲν
867 4315 996 4386 ἀμπεχόνη
1020 4315 1047 4366 τὸ
1070 4315 1096 4366 θε
1115 4315 1181 4367 οἰκία
1203 4313 1242 4366 διὰ
1260 4314 1303 4370 τάς
1322 4313 1370 4365 ἀπὸ
1394 4319 1491 4381 κρυμοῦ
1509 4317 1552 4366 καὶ

201 4403 315 4459 θάλπους
332 4400 571 4471 παρακολουθο·ἰοας
591 4402 686 4471 ζημίας.
724 4401 760 4453 [λε
773 4417 855 4452 somn.
871 4402 889 4452 11
906 4401 920 4451 ’ῐ
940 4403 960 4464 (l
975 4403 1081 4467 11111111.)
1102 4402 1230 4473 ἀμπεχόνη
1250 4401 1310 4471 πρὸς
1328 4403 1372 4457 τάς
1388 4401 1435 4451 άπο
1455 4406 1551 4469 κρυμοῦ

159 4464 171 4488 ⁸
202 4493 244 4541 καὶ
264 4489 374 4546 θάλπους
393 4489 563 4558 ἐγγιγνομένας
583 4489 675 4558 βλάβας
692 4490 728 4556 τῷ
742 4488 839 4553 σώματι
854 4487 1042 4558 κατεσκευάσθη
1063 4489 1090 4541 τὸ
1109 4497 1216 4559 πρῶτον.
1252 4487 1290 4541 Cf.
1305 4488 1336 4540 de
1355 4498 1417 4539 mut.
1437 4502 1502 4538 nom.
1516 4490 1550 4540 43

200 4576 282 4640 (1616
295 4578 346 4642 L),
367 4577 402 4628 De
420 4578 475 4627 vita
493 4576 631 4644 contempl.
664 4576 692 4628 C.
705 4575 721 4625 θ
740 4575 772 4638 (11
786 4574 855 4640 415),
875 4575 926 4626 ελ
946 4576 1051 4640 (11117)
