3532 5394
615 371 693 428 ΠΕΡΙ
712 371 907 428 ΑΦΘΑΡΣΙΑΣ
925 392 947 427 e.
960 375 1028 427 6--7
1455 377 1491 438 11

194 550 320 628 γεώδους
348 550 396 610 καὶ
424 549 513 632 βάρος
545 549 670 633 ἐχούσης
699 548 798 616 οὐσίας
824 548 1085 632 ἐπελαφρισθείσης
1111 551 1159 611 καί
1185 551 1233 611 τδν
1261 548 1322 611 άνω
1354 546 1440 609 τόπον

194 650 412 734 άντιλαβαόσης,
436 652 513 714 ὥστε
539 652 570 713 τδ
593 651 788 731 ηεωδέστατον
811 655 869 712 τῶν
898 651 927 712 ἐν
950 652 1020 732 ἡμῖν
1043 650 1207 735 ἐπέσχηκεν
1230 649 1286 734 <ἑν>
1309 654 1439 735 κεφαλῇ·

194 755 308 834 δεσμῶν
332 754 364 815 δὲ
387 752 567 836 φαυλότατος
589 757 621 818 ὃν
646 752 761 837 έσφιηξε
784 754 840 836 βία,
865 754 944 837 βαιδς
973 754 1020 815 καί
1050 752 1256 838 ὀλιγοχρόνιος.
1304 754 1441 837 ῥήγνυται

193 855 247 938 ηαλμ
269 857 374 918 θᾶττον
398 857 454 918 berb
478 862 536 917 τῶν
560 855 714 927 δεθέντων,
744 857 795 918 άτε
817 855 1068 940 άπαυχενιζόντων
1092 855 1139 918 διὰ
1167 855 1259 918 πόθον
1284 855 1367 936 [ὑπὸ]
1389 861 1442 938 τῆς
1468 872 1481 913 ιν

158 958 265 1026 σκαιὰ
294 959 378 1042 φύσιν
407 961 558 1042 κινήσεως,
586 960 658 1042 πρὸς
689 960 724 1041 ἣν
756 959 914 1021 σπεύδοντα
942 959 1151 1041 μετανίσταται.
1197 957 1270 1020 κατὰ
1304 958 1358 1042 ηδιρ
1390 960 1439 1020 τὸν

192 1062 325 1145 τραμκδν

783 1170 879 1248 χωρεῖ
900 1163 926 1228 δ’
949 1165 1042 1228 δπίσω

489 1268 524 1328 τὰ
548 1268 599 1347 μὲν
621 1267 654 1329 ἐκ
676 1268 759 1348 ηαίας
780 1267 861 1350 φύντ’
883 1268 912 1336 ἐς
935 1274 1018 1350 Ιμαῖαν

490 1370 525 1432 τδι
547 1369 573 1432 δ’
596 1368 645 1431 ἀπ’
674 1371 803 1454 αἰθερίου
828 1371 986 1455 βλαστόντα
1008 1378 1094 1454 ηόνῇς

493 1474 534 1540 εἰς
557 1473 687 1554 οὐράνιον
710 1471 798 1536 πόλον
821 1473 896 1557 ἦλθε
919 1476 1016 1536 πάλιν·

492 1576 612 1657 θνήσκει
634 1575 659 1638 δ’
680 1576 762 1638 οὐδὲν
784 1581 842 1636 τῶν
865 1576 1048 1657 Ιμιγνυμένων,

491 1679 707 1761 διακρινόμενον
730 1677 757 1740 δ’
778 1677 849 1740 άλλο
873 1680 944 1761 πρὸς
966 1678 1055 1741 ἄλλου

489 1782 603 1864 μορφὴν
628 1781 699 1843 ἰδίαν
723 1781 878 1851 ἀπέδειξεν.

191 1890 250 1954 τοῖς
279 1886 330 1968 μὲν
357 1885 393 1966 δὴ
421 1883 623 1966 φθειρομένοις
655 1883 744 1946 ἅπασι
771 1885 859 1965 νόμος
889 1884 1100 1968 ἀναγέγραπται
1131 1887 1177 1948 καὶ
1208 1887 1316 1968 θεσμὸς
1343 1885 1436 1957 οὗτος,

143 2010 173 2056 15
194 1988 281 2051 ὁπότε
304 1988 356 2070 μὲν
381 1986 526 2069 ὑφέστηκε
550 1986 584 2048 τόι
608 1986 824 2068 συνεληλυθότα
847 1987 876 2048 ἐν
900 2011 935 2069 τη
961 1990 1072 2069 κράσει,
1104 1989 1158 2071 πρδ
1185 1994 1237 2071 τῆς
1259 1989 1332 2051 κατὰ
1354 1987 1438 2072 φύσιν
1454 2004 1479 2044 re

193 2091 301 2160 τάξεως
328 2090 443 2157 ἀταξίας
472 2087 737 2171 άντιμετειληφέναι
764 2091 812 2151 καί
835 2091 907 2171 πρὸς
933 2091 999 2158 τούς
1027 2091 1169 2158 ἐναντίους
1196 2089 1301 2158 τόπους
1328 2091 1438 2170 μετανί·

193 2195 327 2268 στασθαι,
351 2195 392 2258 ως
414 2190 517 2274 τρόπον
541 2191 602 2252 τινὰ
625 2190 772 2259 ξενιτεύειν
800 2192 905 2265 δοκεῖν,
935 2191 1023 2255 δπότε
1051 2194 1083 2255 δὲ
1106 2192 1260 2267 διαλόοιτο,
1289 2193 1359 2276 πρός
1385 2194 1437 2277 τἠν

191 2295 299 2358 οἰκείαν
322 2299 374 2376 τῆς
396 2294 510 2377 φύσεως
532 2293 611 2375 λῆξιν
635 2294 840 2373 ἀνακάμπτειν.

279 2399 307 2462 Ἰ.
342 2394 382 2461 ’Ὁ
411 2397 443 2458 δὲ
470 2398 578 2478 κόσμος
605 2395 751 2480 ἀμέτοχος
782 2401 833 2479 της
866 2397 895 2458 ἐν
929 2401 988 2464 τοῖς
1021 2399 1168 2481 λεχθεῖσιν
1203 2398 1317 2468 ἀταξίας
1350 2399 1436 2462 ἐστίν.

138 2520 172 2567 ‘20
192 2501 264 2575 ἐπεί,
286 2498 365 2584 φέρε,
385 2499 388 2582 l
407 2499 599 2580 θεασώμεθα·
633 2496 826 2583 φθειρομένου
849 2498 884 2561 τὰ
900 2499 972 2582 μέρη
989 2501 1049 2561 νυνὶ
1066 2501 1117 2580 μὲν
1133 2501 1243 2585 ἀνάγκη
1259 2502 1399 2585 τετάχθαι
1420 2518 1492 2562 αλια.

191 2604 244 2685 τὴν
268 2601 346 2685 παρὰ
368 2603 451 2686 φύσιν
475 2601 581 2664 ἕκαστοι
608 2603 719 2684 χώραν.
768 2605 852 2663 τοῦτο
879 2598 905 2664 δ’
932 2602 1064 2664 ὑπονοεῖν
1092 2602 1145 2665 οὐκ
1175 2602 1291 2685 εὐαγές·
1318 2605 1436 2688 ἀρίστην

190 2705 244 2788 γὰρ
268 2704 348 2767 θέσιν
371 2706 418 2767 καὶ
440 2703 516 2772 τάξιν
544 2701 709 2786 ἐναρμόνιον
737 2703 771 2765 τδι
798 2708 849 2766 τοῦ
880 2701 990 2785 κόσμου
1019 2703 1092 2786 μέρη
1120 2707 1213 2767 πάντα
1239 2704 1368 2790 εἴληχεν,
1397 2710 1438 2775 ὡς

193 2808 314 2870 ἕκαστον
337 2809 470 2890 καθάπερ
493 2806 605 2889 πατριδι
633 2808 818 2890 φιλοχωροδν
848 2807 888 2888 μὴ
919 2809 1014 2888 ζητεῖν
1047 2807 1156 2888 ἀμείνω
1189 2809 1365 2892 μεταβολήν.
1389 2810 1437 2872 διὰ

136 2965 342 2972 ..-.-—.-„—-—-v
359 2966 371 2970 ,,

137 3049 153 3099 2
172 3045 352 3116 α’ντιλαβοόσης
371 3048 484 3097 Vl'ME:
505 3043 669 3114 ἐπιλαβοόσης
688 3049 709 3096 L
814 3044 878 3096 ὥστε
896 3044 925 3097 τό
944 3048 1048 3112 scripsi:
1068 3046 1104 3098 ιῖιν
1122 3047 1151 3098 τό
1169 3050 1282 3100 Ll'ME:
1302 3046 1330 3100 όν
1348 3049 1377 3101 τὸ
1396 3053 1419 3100 V

138 3136 279 3205 ἐπέσχηκεν
292 3139 326 3186 L:
346 3134 471 3204 ἐπέσχηκε
486 3137 521 3184 V:
540 3133 681 3204 ἐπέσχημεν
696 3136 737 3184 M:
756 3133 893 3206 ἐπέσχομεν
906 3138 940 3187 l':
960 3134 1047 3202 ἐπέσχε
1066 3138 1102 3185 Ει
1123 3133 1158 3186 ὧν
1238 3135 1374 3205 ἐφέστηκεν
1393 3136 1489 3207 κεφαλὴ

137 3225 205 3278 coni.
225 3223 374 3284 Buecheler,
394 3222 438 3273 sert
457 3222 541 3291 ἐπέχω
562 3220 605 3286 (τ-
618 3221 721 3283 mereri,
741 3223 869 3287 resistere)
888 3222 1055 3290 intelligitur,
1076 3222 1107 3274 ef.
1127 3224 1182 3275 ind.
1323 3224 1348 3274 ἐν
1367 3224 1454 3276 atttriti

136 3311 235 3384 κεφαλῇ
254 3313 287 3364 P:
306 3308 405 3379 κεφαλὴ
424 3312 524 3360 LVMl]
623 3307 760 3376 θθεσμῶν
780 3312 832 3361 PM
925 3309 951 3361 δὲ
972 3326 1021 3361 om.
1040 3315 1061 3362 P
1160 3311 1229 3380 βαιὸς
1248 3313 1361 3364 restituit
1379 3314 1488 3379 Mangey

136 3411 213 3463 recte,
231 3400 262 3451 ci.
282 3400 388 3450 testim:
409 3397 487 3465 βίαιος
505 3397 565 3449 libri
676 3397 731 3448 tt
751 3397 870 3468 ῥήγνυται
888 3402 933 3466 μέν
952 3399 997 3468 γάρ
1015 3401 1067 3451 PM
1178 3399 1195 3449 4
1214 3399 1433 3472 άπαυχενιξόντων
1451 3405 1489 3453 V:

136 3486 350 3559 έπανχενιζόντων
368 3489 467 3537 Lt’rtrt‘
575 3482 623 3536 ὑπό
643 3485 692 3536 del.
707 3487 816 3553 llangey
921 3487 937 3538 b
957 3485 1092 3538 σπεόδοντα
1111 3491 1195 3538 Lvrt:
1216 3487 1361 3545 σπεόδαντες
1379 3492 1431 3541 PM

135 3574 240 3642 ὃγαίας
259 3578 319 3626 Vll:
347 3575 418 3642 γαίης
437 3577 470 3624 L:
498 3578 544 3641 τῆς
562 3577 613 3626 PM
756 3572 884 3642 φόντεςΙ,
1026 3572 1105 3627 θέτ’
1127 3576 1236 3645 αἰθερίου
1255 3580 1305 3628 Pa:
1333 3575 1490 3646 ἀπ..θρίου

135 3663 172 3728 (αι
190 3663 218 3714 in
238 3662 285 3713 lec.
305 3663 365 3722 om.)
385 3665 419 3711 L:
437 3658 481 3711 ἀπ’
504 3658 600 3728 αἰθρίου
621 3664 705 3711 VMrr
847 3660 984 3729 βλαστόντα
1002 3665 1077 3731 γονῆς
1095 3664 1204 3732 liungey
1224 3662 1267 3728 (ef.
1288 3663 1410 3729 Nauem:
1431 3662 1490 3732 βλα-

135 3751 256 3802 στάνοντα
275 3752 320 3817 γῆς
333 3752 445 3800 LVl‘M:
466 3746 633 3816 βλαστάνοντα
653 3752 713 3813 (om.
727 3748 782 3817 γῆς)
798 3752 819 3800 r:
930 3751 957 3801 ll
978 3751 1130 3819 γιγνομένων
1149 3754 1185 3802 E:
1204 3753 1340 3819 γινομένων
1354 3755 1455 3803 LVl'M

137 3837 168 3888 12
187 3836 213 3888 δέ
231 3835 327 3888 αἰλλυΙ,
424 3833 500 3886 ἄλλου
515 3836 617 3886 Nauck:
638 3833 699 3887 ἄλλο
718 3836 777 3888 libri
886 3838 917 3888 13
942 3837 1003 3888 ἰδίαν
1023 3839 1081 3890 libri
1102 3837 1134 3890 cf.
1154 3839 1256 3891 Nauck:
1276 3839 1361 3910 ἑτέραν
1379 3840 1489 3908 Merrgey

133 3941 147 3977 e
170 3924 247 3988 3,1·2.
268 3924 337 3988 43,:'›
362 3929 391 3975 ut
415 3924 466 3975 vid.
582 3922 708 3982 ἀπέδειξεν
726 3927 759 3975 L:
783 3922 894 3983 ἀπέδειξε
913 3929 1014 3977 VPME
1124 3927 1154 3979 lG
1175 3925 1347 3996 μετειληφέναι
1366 3931 1417 3979 PM

134 4011 194 4081 πρὸς
212 4015 240 4063 τό
258 4012 317 4069 τοὺς
335 4030 351 4063 a
456 4011 490 4063 20
509 4011 560 4063 ἐπεὶ
579 4009 644 4062 δελ
750 4011 822 4080 φέρε]
842 4030 873 4064 ex
893 4011 978 4081 φθιῖρε
998 4028 1061 4065 corr.
1081 4015 1113 4065 11¹
1221 4014 1252 4066 tt
1273 4014 1320 4084 τἠν
1339 4015 1405 4084 παρὰ
1424 4019 1488 4067 PM:

134 4101 201 4168 παρὰ
220 4103 282 4151 t'E:
311 4100 366 4169 περὶ
389 4102 410 4150 ἰν
517 4097 541 4149 δ’
563 4098 661 4151 θπανεῖν
681 4103 717 4149 l':
737 4098 762 4150 δὲ
782 4099 895 4152 ὑπονοεῖν
914 4105 1012 4153 LPllli
1131 4101 1227 4172 εὐαγές]
1248 4103 1345 4170 ἀγεννές
1363 4107 1384 4153 li

134 4186 167 4238 22
188 4186 273 4259 εἴληχε
292 4190 371 4239 πάντα
390 4192 411 4240 Ι,
518 4189 597 4238 πάντα
618 4190 708 4238 erret}
816 4189 849 4240 23
869 4188 996 4260 μεταβολῇ
1017 4189 1162 4242 Buecheler.
1182 4191 1226 4242 sed
1245 4189 1276 4242 ei.
1296 4191 1349 4242 iud.
1369 4207 1390 4242 s.
1410 4210 1433 4241 r.

133 4409 149 4461 3
169 4409 241 4472 Quod
263 4411 331 4463 treus
349 4411 419 4463 imm.
439 4411 471 4460 22
496 4410 516 4474 (l
536 4411 587 4461 288
607 4413 649 4473 ll.)
671 4411 700 4462 τό
721 4411 799 4479 βίαιον
819 4411 985 4483 ὀλιγοχρόνιον
1008 4411 1043 4470 ὡς
1062 4414 1104 4464 καί
1122 4413 1182 4465 αὐτό
1201 4432 1250 4466 που
1269 4414 1341 4484 δηλοῖ
1361 4414 1390 4466 τό
1410 4413 1488 4482 ὄνομα

132 4498 198 4567 παρὰ
216 4497 245 4549 ιδ
265 4498 333 4566 βαιὸν
352 4499 494 4567 εἰρημένον·
523 4496 593 4565 βαιὸν
612 4498 637 4549 δὲ
656 4499 684 4550 τό
712 4499 882 4570 ὀλιγοχρόνιον
900 4498 1007 4551 ἐκάλουν
1027 4499 1049 4550 αἱ
1068 4499 1168 4554 παλαιοί
1317 4502 1332 4554 7
1353 4502 1488 4571 Euripides

133 4583 288 4654 Chrysippos
310 4585 342 4636 ei.
362 4601 441 4655 supra
459 4584 531 4649 3‚12.
