3532 5394
315 367 364 409 m
868 358 1124 415 aasumensi

318 531 464 598 Philonis
498 528 649 610 operibus
679 537 803 593 tantam
837 530 1037 596 intercedere
1068 529 1258 596 affinitatem
1292 530 1521 615 demonstrem,
1554 538 1590 595 nt
1619 533 1678 597 alii

316 633 413 699 tribui
436 629 560 696 auotori
583 637 734 711 nequeat.

401 734 602 799 Consensum
625 733 797 796 multorum
820 733 1021 815 plaeitornm,
1055 753 1141 817 qnae
1173 733 1205 798 in
1239 733 1300 799 hoo
1335 753 1433 817 opere
1460 741 1677 819 exponuntur,

317 856 388 901 eum
422 834 588 900 Philoneis
620 854 685 898 non
720 833 873 916 urguebo.
928 835 1062 918 Semper
1094 834 1180 900 enim
1212 834 1344 900 dubium
1370 841 1420 900 est
1445 842 1551 901 utrum
1577 836 1679 923 serip

316 939 395 1005 toris
417 936 518 1019 ipsius
540 936 604 1000 sint
626 955 669 1000 an
690 943 858 1000 auctorum
866 936 902 1018 ¹).
948 936 1015 1002 Sed
1037 936 1091 1020 qui
1113 937 1197 1001 hune
1224 937 1340 1002 librum
1366 938 1556 1022 composuit,
1585 959 1679 1005 exor-

314 1041 402 1105 dium
438 1039 467 1105 ei
501 1036 666 1122 praemisit
699 1037 785 1120 quod
819 1038 973 1120 temporis
1000 1046 1032 1105 et
1053 1057 1213 1122 personae
1235 1038 1388 1104 indicium
1420 1037 1483 1103 fert
1514 1046 1548 1104 st
1581 1041 1676 1123 quasi

316 1143 452 1225 signum.
505 1141 649 1222 Apparet
681 1138 766 1204 enim
801 1159 874 1205 enm
897 1139 1033 1221 gratiam
1060 1140 1203 1205 divinam
1230 1139 1421 1223 prineipinm
1448 1140 1552 1206 omnis
1574 1141 1676 1207 soien-

315 1244 381 1310 tiae
409 1241 598 1322 oredidisse,
633 1239 781 1304 homines
806 1240 933 1307 ratione
965 1241 1107 1307 insertas
1140 1249 1264 1306 tantum
1297 1241 1501 1325 opinationes
1533 1244 1676 1327 assequi,

314 1345 505 1430 sapientiam
528 1341 705 1426 praemium
728 1341 789 1407 Dei
812 1362 885 1408 esse
906 1343 1024 1408 animis
1046 1343 1135 1427 puris
1156 1362 1353 1423 eonoessnm,
1376 1363 1435 1426 per
1456 1343 1608 1410 virtutem
1631 1345 1676 1410 ad

314 1449 483 1514 veritatem
514 1442 685 1528 perveniri.
740 1441 831 1521 Quae
864 1444 1045 1511 sententiae
1078 1445 1245 1510 Philonem
1278 1444 1460 1527 legentibus
1491 1445 1675 1511 seneenties

316 1555 485 1615 oeourrnnt
508 1555 541 1612 et
563 1564 623 1610 eae
645 1544 773 1627 quidem
796 1565 896 1629 saepe
919 1555 985 1611 tam
1008 1546 1165 1612 similibus
1187 1545 1295 1612 rerbis
1309 1565 1494 1630 expressae,
1517 1554 1552 1612 ut
1574 1549 1674 1614 mani·

317 1652 434 1717 festum
471 1648 513 1712 sit
551 1646 691 1711 omnium
731 1667 930 1713 communem
963 1668 1036 1714 esse
1068 1647 1236 1730 fontem¹).
1301 1647 1368 1713 Sed
1407 1648 1505 1714 misso
1539 1651 1673 1716 exordio

315 1753 472 1834 reliquum
494 1756 608 1815 exeute
631 1750 831 1831 opuseulum.
874 1750 936 1814 Vix
959 1750 1110 1833 paginam
1125 1749 1283 1830 invenies,
1305 1749 1360 1814 nbi
1382 1751 1472 1815 loeus
1493 1770 1513 1815 e
1535 1752 1674 1819 Philone

314 1853 471 1936 gemellus
485 1851 594 1916 afferri
618 1870 681 1914 non
704 1851 815 1934 possit
861 1850 955 1929 Quod
976 1851 1072 1917 iauile
1093 1851 1301 1934 intellegitur,
1323 1851 1350 1916 si
1377 1852 1505 1917 libellus
1527 1852 1673 1921 Philonis

314 1957 415 2040 ipsius
437 1960 487 2019 est
509 1952 562 2035 qui
586 1951 672 2016 diota
695 1973 753 2017 sua
776 1960 932 2036 perpetuo
955 1953 1075 2018 iterare
1097 1953 1193 2035 solet;
1215 1953 1274 2018 sed
1297 1973 1349 2018 res
1369 1952 1524 2018 mirabilis
1545 1962 1580 2020 et
1602 1977 1673 2040 pro

313 2058 397 2124 fecto
421 2053 592 2138 singularis
615 2061 728 2136 esset,
744 2055 771 2119 si
805 2055 869 2119 duo
903 2055 1076 2138 scriptores
1108 2075 1165 2140 per
1194 2075 1230 2120 se
1262 2055 1398 2138 quisque
1425 2063 1474 2120 tot
1494 2056 1671 2122 eorundem

314 2167 481 2225 auctorum
505 2158 593 2221 loeus
616 2164 682 2220 tam
704 2155 843 2222 fideliter
865 2156 1146 2240 expressissent')
1196 2156 1262 2222 Sed
1285 2157 1454 2223 verborum
1477 2178 1605 2240 quoque
1627 2159 1672 2224 in·

313 2261 521 2328 solentiorum
544 2265 577 2324 et
598 2259 830 2323 sententiarum
852 2278 935 2341 quae
960 2258 1088 2322 Philoni
1121 2266 1155 2323 et
1186 2258 1261 2324 huio
1283 2259 1365 2324 libro
1393 2266 1467 2324 sunt
1488 2260 1670 2325 eommunia

313 2371 405 2428 tanta
436 2369 486 2427 est
519 2361 630 2443 moles,
666 2367 701 2424 ut
734 2360 804 2425 dies
837 2359 975 2435 deficiat,
997 2361 1025 2424 si
1048 2361 1089 2425 de
1111 2360 1246 2441 singulis
1279 2360 1387 2427 dioere
1409 2361 1516 2427 velim.
1562 2363 1671 2428 Panna

187 2464 190 2469 ’
314 2465 409 2547 igitur
432 2463 576 2528 delibare
599 2462 695 2526 lioeat
717 2481 800 2544 quae
823 2462 996 2546 praecipue
1018 2462 1174 2528 memoria
1196 2463 1295 2546 digna
1316 2463 1509 2546 ridentur⁴).

399 2565 520 2630 Multae
542 2585 574 2628 ru
603 2563 684 2628 libro
709 2562 780 2647 Περὶ
801 2565 968 2648 ἀφθαρσίας
995 2565 1197 2647 reperiuntur
1223 2585 1333 2647 voees,
1357 2564 1472 2648 quibus
1494 2565 1589 2631 Philo
1619 2567 1671 2632 vol

313 2667 436 2751 primus
463 2665 561 2728 ulitur
588 2665 640 2728 vel
668 2665 756 2728 solus
778 2667 867 2730 velut
894 2666 1115 2750 ἀναστοιχειόω,
1138 2666 1298 2743 ἀνένὸοτος,
1321 2667 1490 2743 ἀντέκτισις,
1518 2668 1671 2752 ἀνθρωπο-

314 2768 416 2852 rostro,
440 2768 687 2851 ἀπελευθεριάξω,
709 2768 962 2852 γαλακτοτροφέω,
978 2768 1182 2842 δυσέκπλυτος,
1205 2770 1388 2853 ἑρπηνώδης,
1409 2767 1563 2852 exhaerede,
1587 2770 1671 2834 etht-

315 2874 410 2957 potor,
435 2871 628 2944 θαλάττωσις,
659 2870 834 2954 ἰχνηλατεῖν,
867 2870 1135 2954 προευτρεπίζομιιι,
1168 2873 1425 2958 προςυπερβιῦιλω,
1453 2872 1671 2958 πηδαλιουχὲω.

314 2973 493 3059 ὑπερβλύζω.

398 3075 466 3140 Neo
482 3074 586 3138 minus
600 3072 725 3155 insigne
741 3080 790 3139 est
805 3080 917 3138 vetera
932 3073 1032 3138 verba
1049 3094 1136 3140 nova
1151 3082 1183 3140 et
1205 3074 1319 3140 eadem
1342 3075 1481 3160 quidem,
1503 3096 1569 3158 qna
1584 3077 1670 3162 apud

313 3177 491 3259 Philonem,
514 3174 748 3257 significatione
763 3175 920 3258 usurpari.
960 3173 1101 3252 Quorum
1124 3197 1165 3242 ex
1187 3195 1320 3241 numero
1343 3178 1500 3242 nonnulla
1521 3187 1597 3245 sunt
1619 3200 1671 3246 ex·

311 3279 451 3361 imeuda,
474 3285 509 3342 ut
524 3296 607 3360 quae
629 3277 662 3341 in
679 3276 881 3343 hellenistiea
896 3277 1074 3360 graecitate
1096 3279 1160 3343 sint
1175 3278 1250 3343 trita
1264 3286 1299 3342 ut
1314 3279 1466 3363 ὑφηγητής
1480 3287 1514 3345 et
1527 3282 1671 3365 γνώριμος

311 3384 456 3465 moprster·
471 3389 504 3445 et
514 3380 694 3464 discopertus,
710 3379 874 3464 ἐντυχάνειν
887 3379 989 3463 tepere,
1007 3383 1119 3463 μήποτε
1126 3380 1273 3464 fortasse,
1289 3380 1399 3465 βραχύς
1408 3401 1535 3464 parrae,
1549 3383 1670 3467 φθάνειν

311 3488 383 3569 πρὸς
402 3485 560 3568 peruenire
581 3484 624 3545 od
649 3480 755 3565 [Cohn
777 3502 807 3564 p.
825 3482 922 3564 xnrrl.
967 3483 1009 3545 At
1031 3482 1184 3564 pleraque
1208 3482 1335 3546 Philoni
1357 3479 1507 3547 videntur
1529 3485 1668 3568 propria.

312 3586 365 3649 Sio
387 3588 573 3668 θειπλάστης
594 3585 709 3668 (antea
724 3586 900 3666 irruptorem
914 3586 1005 3646 deum
1016 3584 1132 3666 fictor),
1156 3584 1197 3648 de
1219 3583 1280 3648 deo
1296 3582 1368 3666 ipso
1383 3592 1530 3650 creatore
1544 3583 1668 3668 dieitur,

311 3689 499 3772 ἀπαυχενίζω
520 3687 623 3770 (apud
651 3685 774 3769 priores
800 3695 894 3769 caput
918 3687 1116 3769 praecidere),
1144 3686 1196 3750 hio
1223 3687 1396 3748 reluctandi
1419 3686 1484 3751 vim
1512 3687 1610 3754 habet
1637 3695 1669 3753 et

383 4006 403 4069 ¹)
422 4005 466 4056 Sic
485 4001 546 4073 Περὶ
564 4001 706 4072 ἀφθαρσίας
724 4019 746 4054 c.
760 4002 794 4054 24
814 4007 840 4054 et
858 4002 896 4055 De
909 4003 1010 4070 prorid.
1024 4020 1046 4055 e.
1061 4002 1163 4055 10-19
1177 4002 1208 4055 ad
1222 4002 1332 4055 eundem
1345 4001 1443 4055 iontem
1459 4004 1636 4072 (Antipatrum
1644 4000 1668 4069 i)

309 4091 387 4143 refert
406 4092 464 4143 Von
484 4091 575 4142 Arnim
595 4105 638 4157 op.
652 4091 694 4141 cit
714 4105 739 4156 p.
752 4090 787 4140 44
806 4105 860 4157 seq.

380 4195 402 4259 ²)
422 4194 460 4246 Cf.
480 4195 634 4246 testimonia
652 4211 678 4261 p.
695 4195 752 4259 laq.
772 4192 890 4245 collecta·

381 4299 400 4360 ³)
420 4298 573 4350 Praesertim
595 4314 652 4350 cum
672 4297 814 4349 nonnullae
833 4313 864 4349 ex
884 4297 924 4349 his
943 4299 1081 4351 sententiis
1101 4299 1164 4351 alibi
1183 4312 1312 4365 nusquam
1330 4297 1500 4350 inveniantur
1516 4297 1589 4351 relul
1608 4297 1667 4361 rso

313 4384 357 4453 [ei.
377 4385 493 4451 Bernays
513 4401 537 4452 p.
551 4381 629 4451 l9‚‘2]
648 4389 674 4436 et
693 4385 720 4436 ni
736 4384 811 4436 fallor
830 4384 905 4445 7‚14.

379 4490 399 4553 ⁴)
419 4488 458 4540 Ad
478 4489 540 4540 haec
559 4493 584 4541 et
603 4504 656 4556 seq.
681 4488 713 4539 ci.
732 4487 847 4541 Cuhnius
872 4487 983 4539 Philonis
1002 4490 1168 4540 Alexandrini
1190 4489 1285 4540 libellus
1307 4489 1337 4538 de
1361 4489 1461 4558 opificio
1479 4490 1568 4540 mandi.
1606 4489 1666 4541 Vra·

309 4577 427 4630 tislariae
449 4575 523 4628 1889.
1418 4593 1423 4596 ·
