3532 5394
215 360 264 398 xrv
769 356 1021 412 Pnotmuonnna

214 531 289 590 sunt
311 525 392 590 haee
415 527 585 608 Ammonii,
613 533 648 589 ut
676 524 763 609 dicit,
791 526 934 591 Philonis
964 545 998 590 ro
1025 544 1104 590 vera
1127 526 1256 611 placita,
1285 545 1369 610 quae
1396 524 1573 590 Zaoharias

214 626 380 692 confutare
408 628 537 694 studet?
563 626 716 692 mnndum
742 629 916 713 γεγενῆσθαι
944 629 1006 709 μὲν,
1035 627 1099 692 κατ’
1127 629 1219 692 αἰτίαν
1246 630 1280 693 δὲ
1303 628 1404 712 μόνην,
1428 628 1574 691 σοναΐδιον

214 730 247 792 δὲ
269 728 341 793 εἶναι
364 736 407 814 τῷ
431 730 602 816 πεποιηκότι
624 732 672 793 καὶ
695 729 748 793 οὐκ
771 730 805 793 ἄν
828 754 898 795 ποτε
921 730 1070 815 φθαρῆναι
1091 731 1211 795 τόδετὸ
1234 730 1331 813 πᾶνέ)

296 831 365 895 Iam
388 831 484 898 facile
506 832 723 913 intellegimus
740 831 906 900 Philonem
935 832 968 895 in
995 831 1076 897 libro
1103 853 1165 915 quo
1199 840 1313 897 eontra
1334 830 1459 896 Stoicos
1481 852 1573 917 prae

213 932 306 1015 oipue
329 940 451 1016 pugnat
474 934 687 1000 Aristoteliois
720 934 874 1000 doctrinis
907 933 1085 999 suscribere
1111 933 1223 999 videri.
1278 932 1357 998 Oum
1391 933 1452 998 hoo
1486 934 1572 999 enim

211 1033 369 1100 adversus
391 1035 472 1102 istos
494 1035 716 1102 consentiebat
738 1055 801 1100 non
825 1038 927 1101 solum
950 1035 1036 1118 quod
1062 1035 1215 1100 mundum
1241 1035 1312 1101 sine
1339 1033 1403 1101 fine
1424 1055 1574 1118 perman·

214 1156 321 1201 surum
345 1157 427 1222 esse,
460 1138 638 1205 sedetiam
661 1137 745 1220 quod
768 1157 840 1202 eum
864 1158 929 1202 non
952 1137 1153 1220 intempore
1175 1137 1337 1203 exstitisse
1367 1136 1571 1221 opinabatur.

212 1238 246 1303 Si
270 1238 403 1305 huiusoe
425 1239 531 1324 operis
559 1246 685 1324 partem
712 1239 858 1313 alteram,
881 1239 932 1304 oui
965 1245 1093 1323 tempus
1126 1261 1190 1305 non
1218 1239 1401 1323 peperoisse
1430 1240 1571 1307 maxime

211 1342 385 1407 dolendum
408 1349 466 1425 est,
500 1343 608 1424 legere
636 1361 813 1424 possemus,
845 1340 932 1406 haud
960 1341 1090 1406 dubium
1114 1349 1162 1406 est
1184 1341 1271 1424 quin,
1305 1362 1375 1406 oum
1399 1341 1503 1424 Philo,
1536 1350 1572 1408 ut

211 1444 266 1526 ait,
289 1444 341 1513 τὰς
362 1445 433 1528 πρὸς
448 1444 569 1508 ἕκαστον
586 1444 766 1514 ἐναντιώσεις
788 1443 1000 1527 exposuisset,
1024 1443 1153 1519 elatine,
1169 1450 1327 1525 quatenus
1342 1443 1384 1508 ab
1396 1443 1571 1511 Aristotele

211 1545 419 1629 disoreparet,
443 1545 656 1629 apparuisset.

296 1646 464 1732 Bernaysii
497 1654 686 1729 argumento
715 1655 869 1714 enervato
906 1656 941 1713 ut
964 1669 1091 1714 omnem
1114 1648 1177 1713 vim
1205 1647 1365 1730 tollamus,
1399 1654 1501 1714 restat
1534 1654 1570 1713 ut

211 1748 419 1815 ostendamus
441 1748 610 1813 Philonem
638 1748 669 1812 in
697 1749 770 1814 aliis
799 1750 950 1833 operibus
972 1749 1108 1816 eandem
1131 1756 1229 1831 atque
1261 1749 1294 1813 in
1328 1749 1389 1815 hoo
1416 1750 1499 1815 libro
1528 1751 1571 1816 de

210 1851 329 1915 mundo
352 1856 461 1916 oreato
485 1850 683 1934 expressisse
706 1851 900 1934 opinionem.
946 1850 1040 1928 Quod
1062 1850 1203 1916 breviter
1215 1850 1428 1917 demonstrari
1450 1856 1569 1933 potest

209 1953 293 2018 Nam
309 1973 373 2017 non
397 1953 500 2017 solum
523 1973 589 2016 uon
611 1953 764 2017 mundum
786 1953 818 2018 in
841 1961 987 2038 tempore
1008 1952 1067 2017 sed
1089 1952 1241 2017 emundo
1263 1959 1390 2036 tempus
1406 1952 1570 2017 exstitisse

209 2055 318 2121 docuit
341 2061 374 2120 et
395 2073 551 2119 summam
575 2053 731 2138 impendit
754 2075 895 2140 operam,
919 2062 954 2119 ut
975 2054 1138 2119 contraria
1160 2053 1297 2119 Genesis
1319 2054 1419 2120 verba
1440 2073 1462 2118 a
1484 2053 1569 2119 huno

209 2178 340 2223 sensum
353 2157 665 2240 interpretareturi),
688 2157 746 2223 sed
762 2156 859 2222 etiam
878 2179 917 2223 ex
941 2164 1010 2221 tota
1024 2154 1231 2238 philosophia
1247 2155 1316 2221 eius
1328 2163 1419 2240 patet
1435 2176 1569 2222 neeesse

208 2258 308 2325 fuisse
324 2279 396 2324 eum
413 2259 455 2323 ad
471 2258 555 2324 hano
570 2258 740 2340 pervenire
754 2259 1002 2324 conclusionem.
1047 2256 1127 2322 Cum
1143 2257 1228 2322 enim
1244 2259 1316 2322 Deo
1331 2277 1459 2340 semper
1473 2277 1570 2340 agen-

208 2361 284 2425 dum
308 2380 380 2426 esse
402 2361 548 2426 erederet
557 2360 582 2443 ³)
604 2369 637 2427 et
648 2361 708 2427 Dei
731 2361 893 2445 potentias
913 2359 1089 2443 (torsisse),
1111 2379 1169 2442 per
1191 2379 1272 2441 quas
1294 2359 1327 2423 in
1350 2359 1469 2423 mundo
1491 2359 1568 2443 agit,

208 2470 360 2528 aeternas
382 2455 453 2528 esse
462 2463 496 2545 ⁴),
520 2462 599 2526 nihil
622 2463 710 2527 aliud
733 2461 878 2527 restabat
899 2461 961 2525 nisi
983 2468 1018 2525 ut
1040 2461 1231 2526 oonoederet
1258 2460 1412 2525 mundum
1442 2481 1569 2545 semper

209 2564 381 2629 exstitisse.
442 2563 507 2628 Sed
545 2562 617 2646 ipsa
648 2564 794 2629 Philonis
827 2562 942 2645 verba,
980 2562 1128 2627 Auohero
1163 2562 1353 2648 interprete,
1384 2563 1567 2628 audiamus:

207 2665 293 2729 Deus
307 2687 370 2728 noa
380 2667 473 2750 ptius
488 2665 655 2748 iatettipers
669 2668 764 2750 coepit
780 2687 876 2749 qaam
891 2686 979 2748 apere
994 2685 1047 2727 noo
1067 2686 1209 2748 αιιραανιι
1225 2676 1342 2749 tempus
1355 2665 1428 2749 fnit
1442 2666 1568 2750 qnando

207 2789 270 2831 noa
291 2779 401 2851 speret,
424 2768 499 2831 odeis
520 2769 595 2851 ιῗριιο
618 2766 655 2828 ob
677 2769 795 2851 ompirw
815 2789 886 2830 oum
908 2766 962 2828 otto
982 2765 1184 2830 existentibus.
1234 2765 1321 2829 Nom
1342 2767 1485 2830 noluntas
1507 2766 1570 2830 Dei

206 2873 355 2955 posterior
376 2891 438 2933 non
460 2880 515 2945 est3
547 2870 689 2932 sedeam
714 2871 781 2952 ιῖριο
807 2890 924 2954 semper
949 2881 991 2932 est
1016 2868 1156 2931 voluntas
1182 2870 1262 2944 eiam
1293 2870 1454 2932 naturales
1485 2872 1568 2932 enim

207 2984 306 3035 motos
328 2993 493 3057 nunquam
514 2971 662 3052 deficiant.
720 2969 830 3054 Itaque
855 2993 970 3055 οιαιροι·
991 2971 1189 3054 intellipeado
1207 2970 1295 3054 facit
1320 2982 1348 3035 et
1374 2969 1563 3035 semim-itm

205 3076 397 3158 principium
429 3075 577 3137 eatstmzdi
603 3071 743 3159 praebet:
775 3075 821 3135 ito
849 3084 885 3136 ut
909 3073 983 3136 Ιιαοο
1008 3095 1123 3158 semper
1149 3075 1335 3136 coniunctim
1366 3076 1567 3137 inveniantur

205 3188 233 3240 et
253 3178 343 3240 deum
366 3198 454 3261 apere
474 3176 579 3238 diuino
599 3175 726 3237 coasilio
747 3185 775 3238 et
795 3174 951 3238 sensibilia
973 3177 1108 3260 occipere
1127 3175 1320 3259 principium
1342 3175 1531 3259 eaa'stmdi‘).

205 3441 366 3508 cognoveris.
391 3470 423 3479 -
450 3458 473 3508 p.
489 3440 535 3492 151
562 3438 619 3497 θεός
694 3437 762 3508 δοίης
780 3439 840 3510 ἡμῖν
859 3438 968 3510 καθᾶραι
991 3439 1035 3492 τὸν
1054 3444 1111 3492 νοῦν
1130 3441 1173 3493 καὶ
1192 3438 1261 3499 ἄξιον
1279 3442 1380 3508 ποιῆσαι
1398 3444 1444 3509 τῆς
1463 3443 1507 3510 σῆς
1526 3439 1566 3492 n-

205 3527 326 3597 λάμψειυς
345 3529 388 3580 καὶ
407 3526 523 3597 θεωρίας,
540 3528 581 3578 ἵνα
600 3525 728 3597 καθαρῶς,
748 3526 784 3583 ὡς
808 3527 895 3593 olonna,
914 3531 959 3578 σοῦ
976 3532 1021 3579 τοῦ
1044 3526 1229 3599 καθαρωτάτου
1248 3525 1434 3596 ἕιρατιτιθριθα,
1455 3527 1476 3578 el
1494 3524 1565 3595 θέμις

205 3614 264 3679 ἐστί,
284 3617 327 3668 καὶ
346 3617 405 3672 τοὺς
424 3614 519 3671 κακοὺς
539 3617 701 3682 χαρακτῆρας
719 3613 762 3664 καὶ
780 3613 872 3671 niuno<
890 3617 936 3683 τῆς
954 3614 1039 3687 ψυχῆς
1058 3613 1183 3677 &aloinum
1203 3615 1234 3667 ol.
1257 3616 1302 3682 l,t
1321 3632 1374 3683 seq.

279 3702 299 3765 ¹)
318 3701 346 3752 P.
362 3701 404 3753 84.
424 3730 456 3738 -
477 3700 514 3751 (t.
531 3699 579 3751 1⁶27
594 3696 720 3752 >lavatores
740 3699 766 3751 ll
784 3705 822 3770 τῷ
840 3700 893 3770 θεῷ
912 3701 954 3752 τὸν
974 3701 1082 3770 adonem
1102 3732 1134 3740 -
1154 3704 1218 3754 πάνυ
1236 3721 1264 3771 γι
1283 3732 1314 3739 -
1334 3704 1377 3753 καὶ
1395 3702 1502 3774 ποιητὴν
1520 3706 1565 3754 τοι]

205 3789 302 3855 κόσμου
320 3787 363 3839 τὸν
381 3786 453 3855 θεόν;
477 3816 507 3824 -
528 3795 584 3846 πῶς
601 3791 647 3859 γὰρ
666 3785 709 3853 οὕς

275 3874 295 3940 ⁸²)
314 3874 377 3943 Lug.
396 3874 438 3926 all.
453 3873 491 3925 [θ
510 3875 530 3938 (Ι
545 3876 578 3927 44
589 3877 632 3942 Ι.)
653 3871 707 3928 Οὐκ
721 3875 746 3926 ἐν
759 3875 844 3947 χρόνῳ
859 3876 943 3944 γέγονε
957 3876 1052 3943 κόσμος
1069 3874 1134 3928 ἀλλὰ
1147 3873 1296 3943 διακόσμου
1309 3875 1446 3945 συνέστηκε
1465 3875 1562 3948 χρόνος.

204 3962 241 4014 De
260 3960 328 4029 opit.
348 3978 382 4013 m.
402 3960 416 4011 7
437 3961 494 4027 (tta
514 3960 551 4024 C.)
568 3958 721 4030 Ἀναγκαῖον
740 3962 783 4013 καὶ
801 3961 845 4013 τὸν
864 3963 955 4035 χρόνον
974 3963 1074 4032 ἐσήλικα
1092 3966 1137 4015 τοῦ
1156 3963 1253 4030 κόσμον
1271 3964 1398 4032 γεγονέναι
1410 3962 1426 4030 ἢ
1440 3963 1563 4034 νεώτερον

203 4046 309 4099 ἐκείνου.
346 4047 420 4110 Quod
439 4047 502 4099 deus
520 4049 591 4100 imm.
611 4047 627 4099 θ
647 4046 708 4115 [θΠ
729 4047 773 4116 ll]
793 4048 875 4119 πατὴρ
894 4049 920 4102 δὲ
939 4051 1031 4121 χρόνον
1049 4050 1152 4117 κόσμος.

274 4136 294 4201 ³)
315 4133 399 4186 Zeller
416 4135 457 4187 Vi
475 4134 622 4187 357-358.

273 4222 293 4284 ⁴)
312 4220 395 4273 Zellar
413 4221 470 4272 idid.
491 4221 542 4273 364
562 4238 587 4273 u.
607 4221 631 4272 θ.

273 4309 295 4374 ⁵)
314 4308 351 4360 De
370 4308 473 4361 Provid.
494 4309 504 4360 l
523 4326 544 4361 c.
559 4308 584 4360 7.
621 4308 658 4360 [ff.
678 4324 699 4360 c.
716 4307 747 4360 21
768 4310 805 4360 ita
823 4319 848 4358 ut
861 4310 943 4374 suerit
961 4326 1055 4371 semper
1074 4309 1145 4359 Deus
1164 4309 1347 4377 intellipr'bits‘um
1360 4310 1455 4373 factor.
1497 4311 1558 4378 Leg.

201 4394 468 4461 att.13(145t1.)
506 4393 616 4448 Παθεται
635 4395 681 4466 γὰρ
708 4393 826 4447 οὐδέποτε
850 4401 929 4446 ποιῶν
949 4394 961 4446 θ
981 4393 1046 4461 θεός,
1074 4393 1128 4449 ἀλλ’
1149 4395 1233 4466 ὥσπερ
1261 4396 1324 4449 ἴδιον
1351 4396 1381 4448 τὸ
1408 4397 1489 4450 καίειν
1513 4402 1558 4449 τοῦ

201 4482 279 4553 πυρὸς
296 4483 340 4534 καὶ
358 4482 442 4555 χιόνος
460 4482 489 4535 τὸ
508 4481 597 4553 ψὺχειν
616 4480 684 4533 οὕτω
703 4483 747 4533 καὶ
765 4480 824 4534 θεοῦ
842 4483 871 4535 τὸ
889 4491 975 4535 ποιεῖν.
1004 4511 1037 4519 -
1067 4484 1138 4536 Ilaec
1166 4484 1284 4537 doctrina
1312 4485 1340 4536 in
1364 4485 1422 4551 ipso
1441 4484 1508 4537 libro
1527 4484 1558 4536 de

201 4570 305 4624 Prorid.
324 4571 335 4622 1
356 4571 407 4622 oti
426 4571 624 4632 condemnatur,
648 4570 693 4623 sed
713 4569 759 4622 illa
777 4569 952 4638 discrepantia
966 4570 1031 4622 nihil
1045 4569 1117 4622 uliud
1130 4571 1260 4638 probatur
1269 4579 1346 4639 qnsm
1361 4573 1556 4639 epitomatorem
