3532 5394
674 355 752 412 llEPl
773 354 966 412 ΑΦΘΑΡΣΙΑΣ
985 375 1007 410 ι.
1020 358 1088 409 8-9
1519 360 1558 421 1ἴ)

263 529 324 592 ἴσον
345 533 399 613 γαρ
423 530 482 593 ἐστι
505 536 546 613 τῷ
571 531 618 592 καὶ
641 530 811 612 ἀνθρώπους
835 531 997 598 ἀθανάτους
1013 532 1158 593 ὑπονοεῖν·
1182 531 1273 593 καίτοι
1293 554 1333 599 τις
1349 530 1378 592 ἐν
1395 530 1503 610 ἀτίμων

258 635 403 716 συγκρίσει
432 630 508 694 τοῦτ’
537 630 571 694 ἀν
599 632 678 715 εύροι
702 639 818 694 σκοπῶν
849 633 1043 714 εὐλογώτερον
1077 633 1198 695 ἐκείνου.
1242 634 1338 716 χάριτι
1373 634 1423 711 μὲν
1450 633 1503 714 γάρ

260 737 338 798 θεῶν
360 737 466 818 θνητὸν
489 735 649 802 ἀθανασίας
673 738 845 818 μεταλαχεῖν
868 734 945 803 εἰκύς
967 736 1055 809 ἐστιν,
1083 737 1247 819 ἀφθαρσίαν
1272 738 1303 798 ἀὲ
1328 735 1412 803 θεούς
1436 736 1504 796 ἀπο-

262 839 360 922 βαλεῖν
383 838 532 911 ἀὸύνατον,
556 836 608 899 κάν
637 839 665 899 αἱ
694 839 857 919 ἀνθρώπιον
886 838 983 920 σοφίαι
1014 844 1211 920 κακομανῶσι.
1256 840 1303 900 καὶ
1332 838 1388 920 μὴν
1419 837 1450 898 οῖ
1473 861 1504 919 γε

225 941 309 1009 οτάς
332 941 512 1023 ἐκπυρώσεις
535 941 582 1001 καὶ
605 940 655 1007 τὰς
678 940 892 1020 παλιγγενεσίας
914 940 1113 1022 εἰσηγούμενοι
1142 945 1192 1002 τού
1220 940 1329 1021 κύσμου
1357 943 1503 1022 νομίζουσι

257 1045 305 1106 καὶ
328 1044 501 1125 ὁμολογοῦσι
524 1042 589 1110 τοὺς
607 1042 609 1124 l
627 1041 750 1126 ἀστέρας
773 1041 859 1109 θεούς
882 1040 963 1110 εἶναι,
986 1041 1035 1110 οὓς
1057 1047 1099 1126 τῷ
1115 1042 1192 1124 λύγιμ
1215 1044 1389 1126 διαφθείρειν
1412 1043 1465 1104 οὐκ
1486 1058 1558 1101 2363.

258 1147 440 1230 ἐρυθριῶσιν.
486 1144 542 1208 ἔδει
570 1145 666 1228 γάρῖγ
695 1145 818 1227 μύδρους
845 1144 999 1226 διαπύρους
1026 1146 1244 1228 ἀποφήνασθαι,
1272 1147 1406 1229 καθάπερ
1435 1144 1503 1208 ἔνιοι

258 1254 315 1310 τών
338 1249 385 1311 υἷα
408 1249 473 1332 περὶ
497 1247 697 1331 δεσμωτηρίου
720 1245 924 1329 φλυαρούντων
948 1251 998 1308 τοῦ
1022 1247 1186 1330 σύμπαντος
1212 1247 1345 1331 οὐρανοῦ,
1374 1249 1393 1330 ἦ
1425 1250 1504 1316 θείας

257 1351 275 1432 ἢ
299 1351 447 1432 δαιμονίας
468 1350 569 1434 φύσεις
590 1352 758 1430 νομίζοντας
779 1350 830 1431 την
855 1347 1052 1432 ἀρμύττουσαν
1075 1352 1154 1417 θεοῖς
1176 1349 1340 1433 ἀφθαρσιάν
1361 1374 1501 1432 προσομο-

211 1475 241 1520 10
260 1457 390 1537 λογῆσαι.
435 1454 494 1515 νυνὶ
522 1454 554 1515 δὲ
582 1457 717 1515 τοσοῦτον
750 1450 834 1540 elim
869 1458 999 1540 ἀληθοῦς
1032 1454 1203 1535 ἀιήμαρτον,
1238 1455 1314 1516 ὥστε
1347 1456 1503 1537 λελήθασιν

261 1556 366 1624 αύτούς
394 1557 440 1618 καὶ
462 1560 501 1638 τη]
529 1556 647 1638 προνοίᾳ
675 1594 715 1601 -
738 1560 819 1642 ψυχὴ
848 1557 876 1621 δ’
898 1559 959 1621 ἐστὶ
986 1561 1036 1620 τού
1064 1556 1174 1638 κύσμου
1201 1593 1242 1602 -
1269 1556 1381 1639 φθοράν
1409 1558 1504 1640 ἐπιφέ-
1531 1573 1544 1613 .·.

256 1683 350 1743 ροντες
373 1658 402 1726 ἐξ
430 1660 470 1720 ών
498 1657 683 1720 ἀνακύλουθα
710 1664 927 1744 φιλοσοφοῦσιν.
974 1658 1143 1741 Χρύσιππος
1169 1662 1235 1738 γοῦν
1264 1659 1280 1719 ύ
1309 1661 1504 1741 δοκιμώτατος

256 1767 313 1824 τών
336 1760 403 1845 παρ’
432 1760 530 1828 αὐτοῖς
553 1761 583 1822 ἐν
606 1766 665 1829 τοῖς
689 1761 758 1845 Περὶ
781 1763 973 1845 αὐξανομένου
997 1761 1180 1843 τερατεύεταί
1192 1785 1218 1822 τι
1233 1765 1374 1823 τοιοῦτον·
1398 1786 1503 1846 προκα-

256 1864 439 1931 τασκευάσας
461 1863 505 1925 ὅτι
523 1860 589 1925 (δύο
614 1864 692 1931 ἰδίως
714 1864 783 1926 ποιὰ
805 1866 853 1927 ἐπὶ
875 1871 927 1948 τῆς
942 1865 1032 1947 αὐτῆς
1055 1864 1153 1931 ούσίας
1176 1863 1328 1946 ἀμήχανον
1344 1864 1503 1948 συστῆναί,

208 1986 238 2034 15
258 1967 359 2048 φησίν·
379 1964 470 2029 (ἔστω
496 1966 620 2048 θεωρίας
642 1965 726 2028 ἕνεκα
749 1968 797 2029 τὸν
827 1967 878 2049 μέν
905 1993 967 2030 τινα
996 1968 1166 2050 ὁλόκληρον,
1193 1966 1241 2027 τὸν
1268 1967 1300 2027 δὲ
1327 1968 1418 2050 χωρῖς
1447 1968 1504 2030 ἐπι-

256 2073 385 2133 νοεῖσθαι
408 2074 457 2130 τοῦ
481 2069 581 2150 ἑτέρου
605 2068 702 2142 ποάύς,
734 2073 886 2132 καλεῖσθαι
913 2073 945 2133 δὲ
972 2070 1021 2132 τὸν
1057 2073 1108 2152 μέν
1132 2068 1290 2152 ὁλόκληρον
1313 2071 1419 2140 Δίωνα,
1453 2073 1502 2134 τὸν
1518 2090 1544 2130 ιο

259 2174 291 2236 δὲ
314 2174 401 2254 ἀτελῆ
430 2171 543 2237 Θέωνα,
571 2170 681 2234 κᾶπειτ’
714 2173 929 2255 ἀποτέμνεσθαι
957 2174 1066 2240 Δίωνος
1094 2173 1142 2234 τὸν
1177 2172 1273 2255 ἕτερον
1307 2176 1365 2234 τοῖν
1392 2177 1500 2238 ποδοῖν.

256 2275 434 2359 ζητουμένου
458 2276 505 2358 δή,
533 2274 653 2358 πύτερος
680 2272 833 2359 ἔφθαρται,
861 2278 909 2337 τὸν
932 2275 1036 2337 θέωνα
1064 2279 1183 2358 φάσκειν
1211 2274 1382 2359 οῖκειύτερον
1410 2276 1497 2341 εἶναι’

256 2384 340 2442 τοῦτο
373 2379 405 2441 δὲ
442 2377 739 2461 παραδοξολογούντος
777 2377 885 2460 μάλλύν
923 2378 998 2440 ἐστιν
1035 2403 1054 2462 η
1093 2377 1296 2461 ἀληθεύοντος.
1349 2385 1412 2448 πῶς
1447 2381 1502 2464 γάρ

205 2621 215 2670 l
238 2619 289 2671 ἴσον
307 2619 364 2689 γάρ]
384 2618 434 2670 ἴσον
453 2618 478 2670 δὲ
499 2620 613 2684 Beruays
736 2621 774 2686 τῷ
794 2622 881 2669 Vl‘hl:
909 2618 978 2670 τὸΙι
1103 2618 1186 2669 καίτοι
1203 2637 1240 2675 τις
1261 2619 1419 2671 11ὀοι11οιιι1ι
1444 2622 1556 2679 καὶτοῖς

202 2709 235 2757 L:
264 2706 363 2757 καίτοι
386 2710 450 2759 Pir:
479 2712 529 2763 τοῖς
554 2711 613 2770 (our.
633 2705 687 2767 καὶ)
707 2710 744 2756 V:
774 2704 817 2755 καί
841 2723 889 2765 τις,
918 2704 1059 2756 Buecheler
1181 2705 1279 2774 ἀτίμων
1298 2710 1389 2758 Vl’ll:
1419 2707 1501 2773 ἀτίμω
1521 2713 1555 2760 L:

201 2793 303 2845 ἀτόπων
322 2795 389 2845 coui.
411 2793 524 2861 Bernay³¹
543 2793 587 2859 (ei.
607 2793 691 2857 hur),
719 2795 762 2861 qui
782 2801 868 2844 tamen
886 2793 950 2843 illuri
970 2797 1057 2844 tuetur·
1076 2793 1103 2844 irr
1122 2794 1192 2844 nolis
1316 2796 1331 2845 *2
1351 2792 1417 2864 εύροι
1431 2799 1463 2848 L:
1492 2795 1559 2867 εὐρεῐ

203 2885 238 2932 V:
267 2879 347 2952 εύροις
364 2884 415 2932 Phi
540 2880 648 2937 ἐκείνους
668 2884 691 2931 V
816 2881 861 2947 μὲν
884 2881 930 2949 γάρ
949 2880 1100 2932 Buecheler:
1129 2881 1173 2948 μὲν
1192 2881 1250 2932 libri
1271 2883 1313 2949 qui
1333 2883 1378 2952 γάρ
1402 2884 1555 2936 trarrslatuur

202 2970 299 3020 habent
322 2976 381 3036 post
399 2967 500 3038 θνητόν,
519 2969 563 3020 sed
582 2972 610 3019 hl
630 2969 674 3036 μὲν
693 2974 753 3019 aute
772 2969 817 3038 γάρ
838 2969 949 3031 iteravit,
973 2968 1081 3035 originis
1100 2968 1223 3019 iudicium
1366 2972 1381 3020 3
1400 2969 1467 3021 θεῶν
1487 2972 1556 3023 θίοΙο

203 3056 246 3121 (cl.
265 3073 288 3106 τ.
308 3059 324 3107 θ
343 3056 416 3113 θεοὺς
434 3067 459 3107 et
477 3057 624 3123 ορμυείιιιιιι
644 3054 787 3125 ἀνθρώπιον
807 3055 885 3120 ν.1);
909 3055 968 3106 θεοῦ
987 3054 1013 3105 ἀν
1034 3056 1105 3115 libri,
1129 3054 1202 3107 laerte
1222 3057 1320 3108 hiantia
1339 3059 1428 3109 rerba:
1451 3057 1478 3109 ὄν
1496 3064 1556 3126 post

203 3142 372 3212 εὐλογώτερον
391 3151 525 3211 transpou.
545 3144 685 3195 Buecheler
773 3144 839 3200 εἰκός
858 3142 931 3209 ἐστιν]
952 3142 972 3193 εἰ
991 3142 1106 3212 πρόσεστι
1125 3145 1146 3190 V
1241 3144 1257 3194 4
1276 3143 1300 3194 ol
1316 3163 1343 3212 γε
1363 3145 1512 3198 Buecheler:
1533 3148 1557 3198 ol

201 3249 229 3281 τε
248 3232 307 3282 libri
425 3232 504 3283 θεοῦ
522 3229 620 3297 λόγ(ου)
640 3235 661 3282 L
769 3228 975 3299 ῖάποφίγνεσθαι
995 3235 1015 3281 L
1133 3228 1235 3301 8περὶ]
1255 3229 1302 3282 ὐπὸ
1325 3235 1345 3282 V
1452 3233 1555 3301 θνομί-

203 3319 289 3378 ζοντας
302 3321 366 3371 PM:
385 3319 531 3382 νομίζουσαν
544 3322 591 3369 VL
704 3318 860 3388 ἀρμοζουσαν
880 3324 901 3369 V
1012 3320 1043 3369 10
1062 3316 1127 3369 ὥστε
1145 3332 1194 3369 orn.
1213 3320 1241 3370 iu
1262 3319 1308 3370 lac.
1328 3320 1370 3370 ll'.
1391 3321 1440 3372 litt.
1458 3325 1479 3373 L

204 3407 233 3457 11
255 3406 344 3464 αύτούς
363 3407 488 3458 ’1ὐιίιο1ι.;
509 3406 600 3464 αύτούς
617 3407 677 3460 libri
789 3406 817 3458 12
837 3406 998 3475 φιλοσοφοῦσι
1018 3409 1095 3458 VPM
1212 3410 1271 3473 γοῦν
1291 3410 1349 3457 LV:
1369 3405 1413 3458 σύν
1433 3411 1485 3460 PM

202 3493 245 3544 καὶ
263 3501 324 3545 aute
342 3509 495 3564 προκατασκ.
515 3495 574 3545 οι1ι1.
596 3495 708 3547 Τιιττιυθ.
840 3495 870 3546 14
889 3492 931 3545 δύο
951 3493 1019 3550 ίῖίως
1037 3496 1096 3545 πυιά
1113 3494 1206 3561 scripsi
1226 3494 1366 3546 seeundum
1385 3497 1493 3547 resiliat
1512 3494 1555 3547 δύο

202 3580 337 3638 tiburcio-n
357 3581 428 3633 libri:
448 3582 515 3649 quorl
534 3581 615 3633 frusta
634 3588 720 3634 tuetur
741 3583 854 3649 lleruays
875 3580 1027 3649 [i'ornureut.
1043 3599 1068 3649 γι.
1082 3581 1128 3650 51]
1147 3588 1176 3632 ut
1199 3582 1266 3644 lua.
1283 3582 1321 3633 17.
1360 3583 1437 3634 imme
1456 3583 1553 3635 librarii

204 3668 376 3720 ,hrislotelieis
404 3671 521 3720 terminis
546 3670 638 3721 imbuti
664 3670 849 3721 correctionem
878 3671 1014 3730 trahemus,
1043 3686 1117 3736 quem
1142 3670 1210 3736 sugit
1234 3668 1336 3721 δύναται
1362 3667 1453 3738 [lut]
1478 3671 1554 3723 simul

203 3757 230 3806 in
249 3754 364 3807 δύνανται
383 3757 533 3807 mutandum
552 3757 633 3808 luisse
751 3757 781 3807 ll
801 3756 895 3807 κάπειτ1
919 3760 959 3807 hl:
979 3757 1086 3808 κάπειτα
1105 3760 1174 3808 LVl’
1283 3758 1314 3808 18
1333 3758 1472 3827 ζητημένοο
1491 3761 1511 3809 L

202 3841 360 3910 ebulliebat]
380 3843 423 3893 τὸν
443 3848 527 3894 om.V
627 3844 657 3894 19
678 3844 742 3895 ἐστιν
761 3859 810 3895 em.
831 3848 854 3892 V

244 4047 303 4114 Leg.
322 4048 353 4099 arl
375 4048 468 4100 Gaium
490 4051 520 4098 lll
545 4049 577 4112 (ll
597 4047 648 4099 562
667 4049 709 4111 11.)
729 4047 865 4118 ἀνθρώπου
883 4048 989 4119 γενητὴν
1014 4050 1057 4100 καὶ
1081 4047 1195 4120 φθαρτὴν
1220 4047 1291 4117 φύσιν
1314 4051 1348 4107 εἰς
1370 4051 1487 4121 ἀγένητον
1511 4055 1554 4104 καὶ

202 4133 338 4204 ἄφθαρτον,
363 4133 408 4186 ὅσα
426 4140 464 4204 aqi
482 4136 572 4199 δοκεῖν,
594 4135 780 4205 θεοπλαστῖγσαι
799 4176 827 4188 ..
848 4137 1014 4206 ἀσεβημάτων
1038 4137 1131 4207 ἔκρινεν
1150 4138 1212 4188 εἶναι
1237 4137 1553 4209 χαλεπώτατον-θᾶττον

201 4223 247 4290 γὰρ
270 4219 301 4271 ἀν
320 4221 353 4277 εἰς
372 4220 505 4290 ἄνθρωπον
528 4222 585 4274 θεὸν
610 4223 680 4290 'qaia
703 4222 761 4275 θεὸν
780 4223 914 4294 ἄνθρωπον
939 4223 1095 4292 μεταβαλεῖν.
1237 4226 1251 4275 θ
1281 4226 1317 4278 De
1335 4227 1473 4279 somniisl
1497 4230 1553 4278 c.4

202 4307 225 4372 (l
240 4307 291 4358 6⁶23
304 4308 346 4371 ll.)
366 4305 397 4358 'l't
415 4309 438 4358 al
451 4309 564 4377 ἀστέρες;
583 4311 687 4378 πότερον
700 4316 745 4379 γης
763 4312 823 4363 εἰσιν
837 4311 908 4381 ὄγκοι
926 4311 1003 4381 πυρὸς
1021 4310 1134 4382 πλήρεις
1216 4310 1323 4380 μύδρους
1336 4312 1467 4383 διαπύρους
1486 4315 1554 4365 εἶπον

201 4394 292 4450 αύτούς
310 4394 372 4445 εἶναί
389 4413 460 4460 τινες,
485 4396 556 4448 abrai
575 4395 747 4467 δεσμωτηρίου
766 4400 808 4450 καὶ
827 4397 942 4466 μύλωνος
965 4400 990 4450 ἐν
1010 4398 1044 4456 οἷς
1065 4401 1097 4451 τά
1115 4395 1211 4460 τοιαῦτ’
1231 4400 1296 4450 ἐστὶν
1319 4400 1359 4452 ἐπὶ
1376 4401 1483 4473 τιμωρία
1501 4409 1553 4452 τῶν

201 4481 298 4550 ἀσεβῶν
319 4481 388 4538 ὄντες
406 4483 500 4542 ἐπάξιοι
646 4486 675 4537 14
695 4488 751 4538 Arii
771 4487 875 4552 Dirlymi
903 4487 933 4537 lr.
952 4488 984 4538 'll
1005 4488 1129 4553 (lloxogr.
1156 4486 1302 4554 lethaii)
1331 4486 1551 4545 Ποσειδώνιος

201 4569 275 4638 φησὶν
295 4607 348 4632 ,..,
368 4570 407 4621 ἐπὶ
425 4579 477 4623 τῶν
491 4572 558 4628 rita:
576 4578 655 4623 ποιῶν
674 4573 725 4624 οῖον
743 4572 839 4631 Δίωνος
857 4574 899 4625 καὶ
913 4574 1013 4630 Θέωνος
1031 4576 1074 4626 καὶ
1086 4575 1198 4646 αύξίγσεις
1217 4575 1259 4626 καὶ
1279 4573 1393 4641 μειώσας
1406 4574 1522 4645 γίνεσθαι.
