3532 5394
671 377 750 435 ΠΕΡΙ
771 378 965 476 ΑΦΘΑΡΣίΑΣ
984 399 1006 434 c.
1021 381 1089 434 5-6
1533 380 1554 444 9

254 553 346 615 τοίνυν
369 551 416 615 ὑπ’
438 553 554 622 οὐδενός
576 560 633 616 τῶν
656 555 739 623 ἐκτὸς
763 554 985 638 φθαρησόμενος
1007 553 1130 639 ἐόείχθη
1158 554 1173 616 ό
1199 556 1317 637 κόσμος,
1340 560 1381 640 τῷ
1411 554 1500 635 μηδὲν

256 653 312 723 ἔξω
333 660 559 740 καταλελεῖφθαι
575 660 698 729 πάντως,
722 656 782 720 οὐδ’
804 657 859 719 ὑπό
883 680 957 724 τινος
978 663 1036 719 τῶν
1059 658 1089 719 ἐν
1104 658 1198 742 αὐτῷ,
1221 661 1268 721 όιά
1282 660 1334 742 τὴν
1350 660 1500 742 προεπιλο-
1526 672 1540 713 ὁ

255 759 404 838 γισθεῖσαν
428 759 584 829 ἀπόδειξιν.
622 761 690 822 καθ’
719 761 754 844 ἣν
788 761 820 822 τὸ
856 761 967 823 ἁλωτὸν
1000 766 1036 843 τη
1060 761 1145 845 ἑτέρα
1168 765 1224 823 τῶν
1252 761 1351 823 αἰτιῶν
1378 761 1425 824 καὶ
1447 760 1499 842 τὴν

256 859 354 943 ἑτέραν
377 861 514 944 ἐπεφύκει
538 862 688 946 δέχεσθαι.

221 1000 236 1048 5
342 980 371 1043 6.
416 978 570 1063 Μαρτίνρια
597 982 629 1044 δὲ
656 984 703 1044 καὶ
731 983 766 1044 τά
789 982 819 1043 ἐν
842 980 956 1064 Τιμαίῳ
991 985 1055 1066 περὶ
1088 986 1138 1044 τοῦ
1171 984 1220 1044 τὸν
1255 982 1363 1063 κόσμον
1396 979 1500 1044 ἄνοσον

257 1081 329 1144 εἶναι
353 1083 399 1145 καὶ
424 1084 464 1166 μὴ
488 1083 711 1167 φθαρησόμενόν
734 1086 816 1147 τάδε·
835 1081 908 1146 ’τῶν
932 1086 964 1147 δὲ
991 1085 1027 1166 δὴ
1056 1085 1199 1165 τεττάρων
1227 1084 1257 1147 ἓν
1286 1084 1353 1149 όλον
1380 1083 1500 1147 ἕκαστον

255 1183 374 1267 εἴληφεν
397 1188 415 1268 ή·
439 1191 489 1248 τοῦ
513 1185 622 1266 κόσμου
646 1187 789 1254 σύστασις.
828 1187 863 1249 ἐκ
883 1187 937 1270 γὰρ
953 1188 1044 1271 πυρὸς
1060 1190 1167 1255 παντὸς
1189 1187 1292 1255 ὕδατός
1306 1211 1338 1250 τε
1352 1188 1400 1250 καὶ
1415 1185 1501 1269 ἀέρος

257 1289 304 1349 καὶ
330 1293 383 1370 γῆς
410 1290 584 1372 συνέστησεν
611 1288 697 1351 αὐτὸν
722 1290 737 1351 ό
761 1291 901 1362 συνιοτάς,
925 1288 1011 1372 μέρος
1038 1288 1120 1351 οὐδὲν
1148 1289 1262 1356 οὐδενὸς
1291 1290 1359 1352 οὐδὲ
1381 1289 1499 1368 δύναμιν
1515 1305 1542 1345 1⁰

258 1388 367 1459 ἔξωθεν
391 1392 548 1471 ὑπολιπών,
572 1394 640 1454 τάὃε
656 1391 831 1474 διανοηθείς
856 1397 968 1475 πρῶτον
986 1392 1047 1475 μέν,
1070 1392 1116 1454 ίνα
1132 1391 1199 1455 όλον
1215 1391 1258 1454 ότι
1276 1393 1398 1475 μάλιστα
1415 1396 1500 1476 ζῷον,

208 1514 239 1558 10
258 1493 366 1557 τέλειον
389 1494 422 1557 ἐκ
444 1496 561 1558 τελείων
578 1501 673 1578 μερῶν
689 1494 749 1578 είη·
773 1496 845 1580 πρὸς
864 1497 897 1558 δὲ
912 1495 1021 1563 τούτοις
1044 1494 1084 1569 ἓν,
1108 1496 1159 1558 ἀτε
1175 1495 1232 1580 οὐχ
1248 1496 1499 1577 ὑπολελειμμένων

261 1597 290 1666 ἐξ
314 1598 354 1658 ὧν
377 1597 448 1660 ἄλλο
470 1602 598 1660 τοιοῦτον
621 1596 725 1679 γένοιτ’
745 1597 789 1660 ἄν.
835 1595 877 1660 ἔτι
900 1598 942 1674 δέ,
965 1598 1011 1660 ἵνα
1033 1598 1149 1682 ἀγήρων
1174 1600 1221 1661 καὶ
1236 1598 1340 1662 ἄνοσον
1362 1595 1394 1680 ή,
1417 1621 1500 1660 κατα-

259 1705 332 1761 νοῶν
362 1703 403 1768 όνς
430 1701 563 1783 συστοίτιμ
596 1704 709 1783 σώματι
745 1701 840 1783 θερμὰ
873 1702 921 1763 καὶ
954 1700 1054 1784 ψυχρὰ
1088 1702 1135 1763 καὶ
1163 1699 1251 1764 πάνθ’
1279 1699 1334 1764 όσα
1366 1701 1501 1780 δυνάμεις

257 1802 380 1886 ἰσχυρὰς
402 1799 475 1886 ἔχει,
499 1803 704 1886 περιιστάμενοι
732 1800 839 1870 ἔξωθεν
863 1805 909 1864 καὶ
932 1803 1145 1886 προσπίπτοντα
1168 1803 1295 1887 ἀκαίρως
1317 1805 1405 1865 λυπεῖ
1423 1804 1471 1865 καὶ
1495 1801 1499 1885 ί

256 1903 357 1973 νόσους
380 1907 426 1968 καὶ
442 1910 532 1988 γήρας
547 1906 693 1987 ἐπείγοντα
705 1904 816 1987 φθίνειν
831 1909 917 1967 ποιεί.
955 1905 1002 1967 διὰ
1024 1907 1075 1986 τήν
1091 1906 1183 1967 αἰτίαν
1199 1907 1247 1968 καὶ
1262 1906 1310 1967 τόν
1325 1906 1461 1987 λογισμόν
1482 1921 1555 1965 τινα

206 2025 236 2074 15
255 2006 338 2070 τόνδε
363 2008 433 2076 θεὸς
461 2009 526 2071 όλον
550 2007 579 2075 ἐξ
602 2006 678 2069 όλων
706 2007 840 2069 ἁπάντων
867 2008 975 2070 τέλειον
1002 2009 1049 2070 καὶ
1073 2009 1189 2090 ἀγήρων
1213 2008 1260 2070 καί
1287 2006 1391 2070 ἄνοσον
1414 2008 1500 2072 αὐτὸν

260 2107 445 2192 ἐτεκτήνατο]
485 2115 569 2173 τοῦτο
593 2109 644 2189 μέν
661 2110 697 2192 ὀὴ
714 2109 791 2192 παρὰ
809 2108 963 2178 Ηλάτωνος
987 2111 1057 2193 πρὸς
1077 2111 1129 2192 τήν
1145 2110 1308 2194 ἀφθαρσίαν
1324 2114 1374 2173 τοῦ
1391 2110 1500 2194 κόσμου
1586 2126 1590 2136 ’

258 2212 410 2295 μαρτύριον
433 2212 578 2296 εἰλήφθω,
601 2212 634 2274 τό
657 2210 682 2274 δ’
703 2212 841 2294 ἀγένητον
865 2211 943 2296 παρά
966 2218 1017 2295 τῆς
1039 2218 1166 2296 φυσικῆς
1188 2213 1376 2282 ἀκολουθίας·
1400 2213 1501 2277 ἕπεται

259 2317 311 2396 μὲν
333 2315 387 2398 γάρ
410 2321 452 2399 τῷ
476 2316 621 2399 γενομένῳ
645 2318 781 2409 ὂιάλυσες,
805 2316 955 2400 ἀφθαρσία
977 2317 1009 2379 δὲ
1031 2321 1073 2400 τῷ
1098 2317 1244 2401 ἀγενήτῳ.
1273 2317 1337 2379 ἐπεί
1359 2316 1407 2379 καί
1430 2317 1446 2378 ὁ
1468 2317 1501 2379 τὸ
1528 2333 1542 2376 ο

255 2419 405 2503 τρίμετρον
428 2419 521 2481 ἐκεῖνο
544 2420 668 2500 ποιήσας

203 2542 237 2588 20
499 2520 531 2583 τό
554 2544 598 2583 τοι
618 2519 770 2603 γενόμενον
794 2522 945 2584 κατθανεῖν
969 2521 1114 2603 ὀφείλεται

204 2887 213 2936 1
236 2890 294 2951 post
311 2881 395 2935 τοίνυν
413 2883 471 2935 add.
485 2883 500 2952 ἡ
515 2880 638 2941 σίννταξις·
658 2881 701 2934 ἀπε
720 2881 823 2950 μηδενὸς
841 2881 1033 2951 ὑπολειφθέντος
1051 2884 1140 2953 μέρους
1158 2882 1194 2940 ὡς
1212 2882 1342 2952 βιασθῆναι
1354 2888 1419 2938 PM:
1439 2902 1488 2939 om.
1500 2892 1555 2941 LV:

200 2972 297 3023 exulus.
317 2971 432 3037 Bernays
452 2972 488 3037 (p.
502 2969 594 3036 211,4)
614 2969 646 3021 cf.
664 2970 733 3021 infra
752 2970 834 3030 ‘2320
940 2971 955 3020 2
979 2968 1041 3038 ἔξω]
1061 2969 1153 3028 ἔξωθεν
1173 2990 1188 3020 ν
1294 2973 1430 3025 πάντωνα

201 3059 255 3110 3.4
275 3058 364 3130 καίτή
382 3058 493 3127 ἑτίρφΙν
600 3056 1029 3129 ῦμαρτόρια1’1’1111ι·ί.ν.1”ιι
1059 3058 1219 3129 μαρτυρίαΙ,
1325 3059 1396 3129 τάδε]
1415 3062 1475 3113 εἰναι
1494 3066 1521 3114 M

202 3146 217 3197 6
236 3144 332 3197 τῶνδὲ
351 3146 412 3211 (om.
432 3144 474 3214 δὴ)
493 3149 516 3195 V
641 3145 745 3196 ἕκαστον
765 3162 813 3197 om.
834 3149 855 3196 L
973 3141 1030 3196 ὅλον
1050 3154 1108 3211 post
1126 3145 1227 3215 εἴληφεν
1246 3161 1301 3213 pos.
1322 3151 1344 3199 V
1460 3149 1475 3198 9
1494 3150 1555 3201 ἀπο-

201 3232 323 3285 λιπώνΕ
451 3232 482 3283 10
509 3231 611 3283 τελείων
621 3234 658 3283 ·11
776 3229 995 3299 θπολελειρμίνων
1014 3235 1095 3283 l’Ma:
1115 3230 1323 3300 θπολελιίμρενον
1343 3238 1409 3286 er:
1429 3235 1554 3288 ὐπολελει-

202 3321 286 3389 μένων
304 3324 325 3372 L
436 3320 463 3370 11
484 3323 596 3371 τοιοῦτον
607 3323 654 3371 VE
674 3326 700 3372 et
719 3320 804 3371 Plato:
824 3324 923 3371 τοιοῦτο
936 3322 1012 3372 LPM
1118 3319 1212 3387 γένοιτο
1232 3320 1262 3371 ἀν
1280 3321 1406 3388 Bormam,
1424 3339 1508 3375 errore
1527 3334 1556 3376 ut

201 3409 253 3460 vid.
360 3408 461 3479 ἀγήρων
476 3411 568 3460 PME:
587 3408 673 3477 ἀγήρω
688 3411 735 3459 LV
844 3406 874 3458 12
894 3406 929 3464 ὡς
948 3409 1061 3476 σοστάτῳ
1080 3408 1117 3459 sic
1136 3407 1225 3459 Plato:
1245 3408 1280 3465 ὡς
1299 3411 1413 3479 συστατῷ
1427 3412 1555 3478 Bernays:

202 3497 237 3554 ὡς
255 3498 286 3549 τὰ
304 3500 342 3564 τῷ
361 3500 475 3549 LPME:
503 3496 535 3547 τὰ
552 3499 591 3564 τηῖ
610 3496 670 3560 (οιυ.
691 3495 736 3561 ὡς)
756 3499 779 3546 V
890 3496 1002 3546 πάντατ
1122 3495 1153 3546 13
1181 3495 1233 3563 ἔχει
1252 3496 1353 3565 ίσγυραίς
1372 3501 1395 3547 V
1513 3499 1556 3550 καί

202 3586 376 3656 περιιστάμενοι
395 3587 417 3634 Ε
524 3581 598 3634 λυπεῖ
614 3586 757 3635 LVl’Mvr:
776 3581 828 3635 λόει
847 3602 871 3646 ο,
890 3581 959 3650 quod
978 3582 1046 3650 apud
1065 3582 1131 3634 Plat.
1151 3597 1253 3651 quoque
1271 3586 1393 3636 traditum
1412 3592 1451 3638 est

204 3673 235 3724 14
255 3670 373 3741 λογισμόν
392 3686 454 3723 corr.
474 3686 506 3722 ex
525 3669 598 3738 λόγον
619 3671 652 3720 V¹
771 3670 818 3738 τὴν
838 3669 916 3738 αὐτὴν
935 3669 1015 3721 αἰτίαν
1034 3673 1056 3721 E
1178 3670 1208 3721 15
1227 3669 1347 3722 ἁπάντων
1365 3687 1415 3724 om.
1433 3676 1485 3725 PM

202 3760 303 3829 ἀγήρων
321 3763 358 3811 P:
389 3757 493 3827 ἀγείρων
516 3761 558 3809 M:
586 3757 673 3828 ἀγήρω
696 3760 767 3809 LVE
895 3757 924 3807 16
952 3756 1117 3825 ἐτεκτήναντο
1140 3760 1161 3807 E
1283 3758 1364 3829 παρὰ]
1389 3760 1444 3830 περί
1461 3764 1486 3810 V

201 3844 351 3917 ἀφθαρσίαν]
372 3844 493 3916 ἁμαρτίαν
513 3848 540 3896 M
667 3843 697 3895 17
724 3843 842 3913 εἰλήφθω
866 3845 893 3912 ίή
912 3860 944 3895 ex
963 3847 980 3912 ἡ
1000 3846 1115 3906 corr.)L
1230 3845 1349 3914 ἀγένητον
1367 3850 1426 3897 LE:
1454 3847 1555 3917 ἀγέννη-

201 3951 244 3984 τον
264 3936 341 3986 VPM
465 3929 617 3988 ἀκολουθίας
634 3933 744 3998 Mangey
765 3931 796 3984 cf.
818 3930 1072 3994 10‚1.3·2,3.34,8:
1100 3930 1219 3999 ἀληθείας
1237 3933 1298 3984 libri
1428 3935 1459 3987 18
1486 3935 1555 4004 ἀγτν·

202 4021 271 4088 νήτιρ
292 4020 352 4072 libri
507 4020 538 4069 ἰθ
565 4019 720 4090 τρίμερονΙν
872 4017 906 4069 ·.>0
928 4016 1062 4070 κατθανεῖν
1081 4022 1162 4071 LI'E:
1191 4018 1341 4071 καταθανεῖν
1359 4023 1400 4072 M:
1429 4040 1554 4075 κατακτα-

201 4116 250 4160 νεῖν
273 4111 295 4158 V

201 4400 216 4452 5
244 4400 318 4452 Plato
347 4399 413 4451 Tim.
433 4397 466 4449 32
486 4413 507 4448 ι.
657 4399 691 4450 ’20
718 4415 807 4451 versus
826 4399 909 4466 ignoti
934 4405 1031 4465 poetae.
1057 4430 1089 4437 -
1119 4399 1194 4463 Quod
1220 4401 1304 4452 omnis
1332 4402 1404 4468 prob.
1428 4401 1502 4454 lib.3
1521 4402 1554 4464 (11

201 4488 315 4550 44811.)
343 4488 478 4538 ἐπαινεῖται
502 4489 568 4558 παρά
587 4503 648 4538 τισιν
669 4487 682 4539 ό
705 4488 757 4551 (τὸ)
775 4488 903 4557 τρίμετρον
923 4488 1003 4540 ἐκεῖνο
1022 4489 1139 4557 ποιήσας·
1170 4489 1206 4545 τίς
1224 4489 1275 4540 ἐστι
1293 4487 1348 4540 κτλ.
1431 4488 1467 4545 ὡς
1488 4487 1555 4558 μάλα

202 4575 308 4626 συνιδὼν
326 4575 354 4627 τὸ
373 4572 514 4626 ἀκόλουθον
