3532 5394
268 346 311 409 44
646 343 797 400 ΦΙΛΩΝΟΣ
816 341 895 398 ΠΕΡΙ
916 341 1114 398 ΑΦΘΑΡΣΙΑΣ
1132 362 1154 398 e.
1167 345 1200 397 27

324 516 419 596 φύσιν,
446 514 607 597 αιἰθιγενῶν
630 518 678 579 καὶ
700 519 867 600 χειμάρρων
890 520 1028 599 ποταμῶν
1051 515 1085 579 οὐ
1108 515 1358 598 πλημμυροόντων
1387 514 1473 594 μόνον
1497 514 1573 575 ἀλλὰ

322 621 369 680 καὶ
391 618 424 680 τὸ
441 617 446 700 l
462 619 615 687 καθεστὼς
638 618 949 703 προςυπερβαλλόντων
965 624 1018 702 τῆς
1040 617 1203 701 ἐπιβάσεως
1218 617 1264 679 καὶ
1281 617 1331 685 τὰς
1346 613 1441 700 όχθας
1456 615 1476 698 ἢ
1492 619 1530 698 τῇ
1552 629 1630 674 εσσε.

323 719 371 802 βίη
394 721 653 805 παραρρηγνόντων
680 720 699 803 ἢ
728 721 962 804 ιἰπερπηδώντων
990 721 1129 805 ἀναβάσει
1154 725 1192 802 τῇ
1221 719 1291 801 πρὸς
1319 719 1456 800 μήκιστον
1485 717 1572 800 ὕψος·

324 819 393 884 ὅθεν
416 822 648 907 ὑπερβλύσαντος
670 822 712 890 εἰς
733 823 785 904 τὴν
808 821 1021 905 παρακειμένην
1047 822 1221 906 άναχεῖσθαι
1243 820 1374 897 πεδιάδα,
1401 819 1453 902 τὴν
1480 818 1513 882 δὲ
1539 820 1572 881 τδ

289 924 377 1005 πμὲν
401 929 515 1008 πρῶτον
538 925 580 992 εἰς
603 925 729 1005 μεγάλας
757 922 859 1006 λίμνας
886 923 1084 1005 διανέμεσθαι,
1113 924 1184 1006 πρὸς
1210 923 1245 985 τὰ
1272 921 1423 1004 κοιλότερα
1449 920 1495 983 ἀεὶ
1521 924 1574 983 τοῦ

322 1024 425 1094 ὕδατος
440 1027 611 1104 συνάξοντας,
628 1024 713 1094 αὖθις
729 1023 755 1087 δ’
773 1025 954 1108 ἐπιρρέοντος
969 1026 1017 1088 καὶ
1033 1027 1100 1094 τοὺς
1115 1025 1269 1109 μεθορίοις
1284 1023 1407 1105 ἰσθμοὺς
1424 1021 1428 1106 l
1445 1046 1529 1086 κατα·
1550 1038 1629 1084 οιυιι

321 1127 486 1204 κλόζοντος,
510 1128 553 1196 οἷς
575 1129 748 1210 διεκρίνοντο
772 1129 802 1190 αί
826 1127 932 1211 λίμναι,
959 1129 1000 1197 εἰς
1030 1128 1154 1211 μέγεθος
1182 1128 1308 1211 ἀχανοῦς
1331 1127 1473 1208 πελάγους
1498 1125 1574 1188 κατὰ
1601 1145 1616 1186 ε

323 1230 375 1311 τὴν
398 1233 513 1292 πολλῶν
537 1229 639 1293 ένωσιν
663 1229 884 1312 ἀποκρίνεσθαι·
909 1230 980 1313 πρὸς
1002 1231 1035 1293 δὲ
1058 1231 1236 1314 μαχομένων
1259 1229 1408 1309 δυνάμεων
1436 1228 1466 1290 ἐν
1489 1228 1571 1312 μέρει

321 1331 388 1399 τοὺς
410 1331 440 1393 ἐν
455 1337 516 1400 τοῖς
538 1331 675 1399 ἐναντίοις
697 1330 846 1398 οἰκοῦντας
868 1333 966 1400 τόποις
989 1331 1182 1407 ἀπόλλυσθαι,
1205 1332 1273 1414 πυρὶ
1290 1331 1424 1412 μὲντοὺς
1447 1330 1477 1392 ἐν
1490 1328 1571 1414 ὄρεσι

270 1451 302 1498 10
321 1433 367 1495 καὶ
390 1432 552 1517 γεωλόφοις
574 1433 620 1496 καί
644 1433 793 1516 δυσόδροις
815 1433 945 1517 χωρίοις,
968 1431 1014 1496 ἅτ’
1043 1432 1096 1495 οὐκ
1119 1431 1240 1516 ἔχοντας
1262 1432 1347 1516 φύσει
1374 1433 1463 1515 πυρδς
1486 1432 1573 1513 ἀμυν-

320 1535 419 1618 τήριον
442 1534 571 1618 άρθονον
594 1535 683 1618 ὕδωρ,
707 1533 830 1617 ἔμπαλιν
853 1533 879 1597 δ’
901 1536 983 1598 ὕδατι
1009 1533 1075 1602 τοὺς
1101 1534 1179 1617 παρὰ
1206 1539 1345 1616 ποταμοῖς
1373 1534 1392 1617 ἢ
1416 1534 1528 1617 λίμναις
1549 1535 1569 1617 ἢ

321 1637 470 1717 θαλάττη·
498 1635 633 1717 γειτόνων
661 1635 714 1720 γὰρ
742 1636 887 1699 ἅπτεσθαι
916 1638 995 1719 φιλεῖ
1025 1636 1059 1698 τὰ
1086 1636 1161 1698 κακὰ
1188 1639 1312 1719 πρώτων
1343 1635 1433 1718 ἢκαὶ
1462 1635 1568 1718 μόνων.
1585 1653 1613 1696 ιο

321 1737 395 1799 κατὰ
417 1739 454 1820 δὴ
477 1737 544 1805 τοὺς
566 1738 726 1822 λεχθέντας
749 1737 871 1822 τρόπους
893 1739 963 1822 δίχα
985 1737 1094 1821 μυρίων
1117 1736 1215 1800 ἄλλων
1239 1737 1428 1822 βραχυτέρων
1456 1738 1573 1822 φθειρο·

321 1839 409 1920 μένου
443 1843 493 1902 τοῦ
528 1840 663 1903 πλείστου
692 1840 796 1924 μέρους
830 1840 994 1920 ἀνθρώπων
1023 1839 1178 1901 ἐπιλείπειν
1212 1838 1242 1909 ἐξ
1277 1840 1404 1924 ἀνάγκης
1436 1841 1485 1903 καί
1518 1841 1571 1912 τὰς

270 1960 301 2008 15
321 1941 443 2025 τέχνας·
467 1942 536 2026 δίχα
558 1942 613 2024 γάρ
636 1945 687 2004 τοῦ
710 1941 919 2024 μεθοδεύοντος
942 1939 996 2003 οὐκ
1018 1941 1091 2004 εἶναι
1114 1938 1182 2005 καθ’
1204 1941 1293 2024 αὑτὴν
1311 1942 1379 2004 ἐδεῖν
1395 1943 1570 2028 ἐπιστήμην.

318 2043 434 2106 ἐπειδὰν
458 2044 490 2106 δὲ
513 2045 542 2106 αἱ
567 2044 618 2126 μὲν
640 2045 733 2106 κοιναί
755 2042 834 2106 νόσοι
857 2045 1037 2127 χαλάσωσιν,
1061 2042 1181 2126 ἄρξηται
1203 2044 1235 2105 δὲ
1252 2043 1362 2128 ἀνηβᾶν
1379 2046 1427 2107 καὶ
1450 2046 1574 2129 βλαστά-

320 2168 377 2208 νειν
393 2147 425 2208 τὸ
441 2146 521 2226 γένος
537 2145 570 2207 ἐκ
584 2149 643 2207 τῶν
660 2145 700 2228 μὴ
718 2145 1021 2230 προκαταληφθέντων
1037 2151 1096 2214 τοῖς
1111 2145 1274 2228 ἐπιβρίσασι
1291 2145 1294 2226 Ι
1312 2147 1423 2225 δεινοῖς,
1446 2146 1531 2231 άρχε·
1553 2161 1630 2208 που.

321 2249 390 2310 σθαι
413 2246 533 2314 καὶτὰς
556 2247 660 2331 τέχνας
683 2249 767 2308 πάλιν
791 2246 991 2322 συνίστασθαι,
1014 2246 1048 2309 οὐ
1071 2247 1137 2310 τότε
1159 2252 1273 2330 πρῶτον
1300 2247 1465 2330 γενομένας,
1494 2249 1570 2313 ἀλλὰ

323 2354 360 2431 τῇ
385 2352 504 2432 μειώσει
527 2354 585 2411 τῶν
608 2348 737 2433 ἐχόντων
761 2349 1034 2418 ὑπσσπανισθείσας.

266 2470 301 2518 20
405 2451 424 2513 ἃ
446 2451 498 2531 μὲν
522 2448 571 2512 οὖν
601 2451 665 2533 περὶ
692 2451 857 2534 ἀφθαρσίας
883 2454 934 2513 τοῦ
962 2449 1073 2533 κόσμου
1100 2451 1330 2534 παρειλήφαμεν,
1358 2450 1471 2535 εἴρηται
1498 2455 1574 2518 κατὰ

320 2554 449 2637 δύναμιν.
492 2553 544 2621 τὰς
565 2554 598 2616 δὲ
620 2553 691 2636 πρὸς
713 2552 835 2616 ἕκαστον
859 2553 1039 2622 ἐναντιώσεις
1062 2552 1091 2615 ἐν
1114 2559 1174 2620 τοῖς
1195 2550 1295 2615 ἔπειτα
1318 2553 1474 2639 δηλωτέον.

270 2814 279 2863 1
311 2815 433 2879 ποταμῶν
457 2810 500 2861 καὶ
523 2810 668 2879 χειμάρρων
686 2815 709 2861 E
861 2809 876 2861 2
904 2809 947 2860 καὶ
969 2807 998 2860 τὸ
1022 2823 1071 2859 om.
1092 2829 1106 2858 ι·
1248 2808 1380 2866 καθεστὼς
1403 2808 1475 2861 libri:
1504 2808 1630 2871 καθεστὸς

265 2900 374 2965 llengey
484 2895 752 2967 προςυπερβαλλόντων
771 2900 885 2949 vPME:
906 2894 1194 2965 πρυςεπιβαλλόντωνλ
1316 2899 1361 2963 της
1380 2910 1429 2947 om.
1448 2900 1502 2949 PM
1628 2884 1631 2888 “

265 2985 281 3039 3
300 2982 513 3055 παραρηγνόντων
531 2988 556 3034 V
680 2976 881 3052 υπερποδῶντων
901 2986 923 3032 V
1059 2983 1075 3034 4
1095 2980 1291 3050 ὺπιρβλθσαντες
1311 2987 1333 3032 V
1467 2983 1482 3034 7
1504 2983 1630 3055 πελάγους

266 3076 356 3126 VPM:
376 3069 471 3139 πελάγη
488 3074 522 3122 L:
543 3072 613 3123 unde
631 3068 750 3140 μεγίθους
769 3070 878 3137 ἀχανοῦς
895 3067 990 3138 πελάγη
1009 3070 1076 3120 ceni.
1093 3069 1241 3133 Buecheler,
1259 3068 1303 3121 sed
1319 3071 1430 3134 poscitur
1450 3071 1586 3138 ιίπμιιίανίε
1605 3085 1630 3124 ει

267 3159 358 3228 ἀχανὲς
376 3156 483 3226 πέλαγος
501 3160 580 3208 :ritem
600 3169 642 3221 ιιι,
662 3159 726 3208 velut
747 3157 876 3207 Plutarcho
896 3154 975 3208 Diels.
1012 3155 1043 3206 cl.
1063 3155 1116 3207 ind.
1137 3171 1157 3207 s.
1177 3171 1200 3207 r.
1220 3154 1316 3224 ἀχανής
1423 3156 1439 3209 8
1458 3157 1504 3226 τὴν
1522 3157 1629 3211 πολλῶν

265 3251 326 3300 LV:
355 3247 471 3315 τὴντῶν
490 3243 592 3296 πολλῶν
610 3247 662 3296 PM
805 3246 820 3295 θ
844 3243 940 3299 ἐντοῖς
963 3256 1013 3293 om.
1032 3245 1063 3306 L,
1090 3243 1159 3294 unde
1178 3243 1204 3294 ἐν
1223 3241 1342 3298 ἐναντίοις
1361 3241 1478 3311 Bernays
1591 3247 1628 3300 υί-

265 3336 399 3384 :onereb
524 3329 703 3383 άπολόσθαιλ
829 3328 898 3399 πυρὶ]
918 3329 973 3398 περὶ
992 3332 1021 3380 Μ
1148 3329 1179 3381 10
1197 3329 1244 3380 eir:
1263 3329 1368 3398 ἔχοντας
1386 3333 1473 3383 LPM:
1502 3332 1532 3383 οδ
1552 3352 1628 3386 κατε·

265 3420 389 3488 χόνταςν
478 3419 550 3488 elec:
568 3419 682 3470 Turneb.
701 3420 749 3482 (sic
769 3418 898 3485 disposuit
916 3417 994 3468 verba
1011 3416 1057 3467 Ph.
1070 3421 1101 3467 ul
1119 3416 1182 3467 hiat.
1201 3414 1273 3485 φίιαει
1291 3417 1380 3484 ἀμυντ.
1399 3417 1546 3485 effugeret):
1565 3422 1628 3492 φησί

265 3506 335 3570 libri,
353 3506 385 3558 ci.
398 3523 424 3558 n.
438 3507 470 3558 ed
489 3507 565 3565 4:2‚42
585 3505 691 3572 φυσικόν
709 3503 850 3557 Buecheler
971 3504 998 3554 11
1020 3502 1044 3554 δ’
1066 3501 1133 3571 ὕδωρ
1152 3506 1180 3553 M
1291 3502 1370 3572 παρὰ]
1390 3505 1444 3575 πιρλ
1462 3508 1484 3557 L

269 3592 300 3643 12
319 3590 385 3661 φιλεῖ
402 3596 461 3644 LV:
490 3590 569 3661 φιλεῖν
587 3596 639 3645 PM
733 3592 843 3661 πρῶτων
862 3589 878 3660 ἢ
898 3592 941 3642 καὶ
959 3589 1045 3658 μόνων
1064 3591 1144 3642 Diels:
1164 3589 1274 3659 πρῶτων
1294 3590 1441 3660 ἡγουμένων
1455 3591 1488 3642 L:
1507 3592 1555 3660 πρὸ
1574 3598 1629 3644 τῶν

266 3678 398 3747 ἡγεμόνων
419 3679 505 3731 VPM:
524 3679 634 3748 πρῶτων
653 3679 669 3747 ἤ
689 3699 715 3748 γε
735 3679 820 3748 μόνων
839 3679 952 3730 Turncb.
1037 3677 1068 3728 14
1097 3674 1230 3728 ἐπιλείπειν
1246 3676 1398 3730 Buecheler:
1427 3677 1544 3730 ἐπιλιπεῖν
1566 3679 1629 3733 libri

265 3765 312 3834 τὴν
334 3769 394 3817 ante
412 3765 551 3834 ἐπιστήμην
570 3765 628 3817 add.
647 3770 714 3818 PM:
829 3765 858 3816 17
888 3762 1153 3834 προκαταληφθέντων
1171 3768 1235 3816 PM:
1264 3762 1545 3834 προςκαταλειφθέντων
1564 3771 1628 3822 VE:

265 3849 533 3922 προκαταλιιφθίντων
552 3856 573 3904 L
673 3851 704 3904 18
723 3853 767 3909 τὰς
784 3850 885 3921 τέχνας]
905 3852 948 3908 τὰς
966 3867 1016 3903 orn.
1036 3856 1063 3904 M
1171 3849 1341 3919 συνίστασθαι]
1362 3851 1545 3904 άνίστασταιΕ

265 3937 295 3990 el
313 3939 370 3990 τότε
389 3939 541 3991 Buecheler:
560 3936 617 3991 οὔτε
636 3940 707 3992 libri:
727 3939 756 3991 οδ
774 3938 804 3991 τὸ
822 3939 934 3991 Turneb.
1041 3940 1175 4008 γενομένας
1194 3943 1216 3990 Ε

172 4183 181 4199 ·
267 4164 300 4217 10
318 4163 350 4216 ci.
370 4163 437 4216 Plat.
456 4164 488 4216 ad
507 4164 589 4229 43‚1·2
717 4165 748 4215 16
768 4164 833 4216 Plai.
853 4164 1088 4232 Legg.111679B
1124 4164 1179 4235 ίγοι
1202 4163 1312 4235 βλάστην
1331 4165 1375 4217 καὶ
1396 4164 1504 4219 ἐπίδοσιν
1525 4168 1555 4220 τὸ
1574 4175 1630 4221 τῶν

265 4249 409 4320 ἀνθρώπων
428 4251 505 4321 γένος.
