3532 5394
676 367 929 420 PROLEGOMENA
1453 374 1486 414 111

127 535 255 618 quidem
277 535 324 600 ita
346 537 486 617 censuit,
516 536 568 619 qui
592 536 667 601 dum
690 537 803 602 librum
828 539 917 602 illum
941 539 991 602 De
1012 541 1161 624 sapientie
1183 534 1318 603 libertate
1340 538 1486 605 Philonis

126 658 190 702 non
234 657 305 703 esse
347 638 568 704 demonstrare
612 647 761 721 conatur,
810 639 926 705 eadem
967 641 1128 705 sententia
1176 660 1342 707 sermones
1391 640 1485 706 simul

127 739 176 803 De
204 743 400 825 procidentia
433 740 609 805 damnavit.
665 742 733 805 Iam
761 740 997 807 Wendlandius
1030 742 1124 808 huius
1159 743 1356 826 quaestionis
1388 742 1485 809 iudex

129 842 268 927 optimus
284 843 353 908 eius
368 844 566 924 argumentis
589 843 763 925 quidquam
787 843 956 926 probatum
981 865 1052 910 esse
1068 845 1209 927 negavit,
1233 865 1293 911 nec
1309 864 1368 927 ego
1393 865 1485 911 secus

125 943 278 1029 sentio¹);
301 944 360 1010 sed
381 964 424 1010 ne
445 945 570 1028 longius
599 944 807 1028 aproposito
830 945 987 1030 aberrem,
1022 953 1129 1012 cetera
1163 948 1192 1014 ei
1226 947 1420 1031 permittam,
1443 982 1485 993 -

126 1047 173 1111 eis
206 1047 291 1112 enim
324 1066 434 1113 carere
457 1066 627 1130 possumus
652 1083 694 1093 -
721 1052 754 1113 ot
780 1046 822 1112 de
848 1067 911 1113 uno
939 1047 1020 1113 libro
1048 1048 1099 1112 De
1119 1052 1313 1134 providentia
1343 1050 1484 1116 secundo

124 1147 286 1230 inquirere
308 1148 387 1214 satis
410 1147 536 1213 habebo
545 1147 584 1231 9).
628 1148 759 1213 Nullum
783 1148 868 1214 enim
891 1169 971 1231 opus
993 1148 1055 1214 hoc
1082 1150 1212 1233 dialogo
1234 1152 1362 1234 longius
1385 1151 1484 1216 distat

124 1269 146 1314 a
168 1250 313 1315 Philonis
336 1250 473 1334 scriptis,
501 1256 536 1314 ut
562 1249 608 1314 ita
630 1249 745 1333 dicam,
772 1249 918 1315 iudaicis.
973 1251 1130 1316 Nimirum
1153 1253 1252 1318 Mosis
1279 1254 1484 1337 mentionem,

126 1351 312 1436 Scripturae
335 1352 435 1418 verba
461 1357 560 1434 atque
582 1351 710 1417 omnino
732 1352 880 1417 iudaicae
902 1351 1068 1419 doctrinae
1090 1355 1229 1437 vestigia
1249 1356 1368 1420 frustra
1390 1356 1423 1421 in
1446 1377 1484 1422 eo

126 1474 262 1536 quaeres
284 1492 326 1502 -
349 1461 381 1519 et
403 1453 549 1536 quaestio
571 1452 613 1519 de
635 1453 840 1537 providentia
862 1461 911 1519 est
934 1492 983 1538 —,
1007 1462 1043 1520 at
1064 1476 1182 1538 graeca
1204 1457 1344 1533 nomina,
1367 1478 1485 1540 graeca

128 1558 278 1640 exempla
300 1557 420 1639 stipata
441 1555 596 1621 invenies.
640 1557 729 1622 Inter
756 1556 969 1640 philosophos
991 1558 1174 1624 Heraclitus
1198 1557 1238 1643 [c.
1257 1560 1342 1642 109]
1366 1561 1485 1646 Pytha·

127 1678 222 1740 goras
246 1656 325 1742 [42],
348 1655 569 1740 Xenophanes
593 1655 673 1741 [39],
696 1659 906 1725 Parmenides
929 1658 993 1743 [39,
1016 1661 1083 1745 48],
1106 1661 1320 1744 Empedocles
1344 1662 1409 1746 [39,
1431 1663 1484 1746 48,

127 1760 256 1842 60,10],
280 1759 430 1825 Socrates
454 1759 518 1842 [24,
535 1760 601 1840 42],
626 1760 718 1824 Plato
742 1757 807 1843 [42,
823 1761 875 1835 52,
891 1761 957 1845 56],
980 1763 1068 1827 Zeuo
1084 1763 1162 1844 [48],
1187 1762 1387 1848 Chrysippus
1405 1761 1485 1847 [14],

127 1860 303 1926 Cleanthes
324 1861 388 1943 [48,
406 1862 474 1944 14],
508 1860 720 1925 Anaxarchus
743 1861 810 1944 [11]
838 1862 1043 1938 invocantur,
1075 1864 1158 1929 inter
1185 1872 1300 1947 poetas
1326 1865 1485 1930 Homerus

127 1965 192 2047 [15,
207 1964 297 2047 10,31
302 2013 309 2047 ,
322 1964 387 2046 95],
403 1964 563 2029 Hesiodus
575 1960 655 2049 [35],
670 1963 850 2049 Aeschylus
863 1962 907 2048 [8,
919 1966 986 2049 90],
1010 1966 1169 2031 Pindarus
1186 1964 1248 2053 [80,
1263 1968 1437 2049 100,113];
1453 1973 1486 2031 et

124 2086 190 2131 non
214 2066 317 2131 solum
339 2064 373 2130 in
396 2085 506 2131 eorum
530 2065 630 2131 rerba
652 2065 737 2130 iurat
759 2064 853 2130 huius
876 2066 997 2149 dialogi
1012 2068 1158 2151 scriptor,
1181 2067 1238 2134 sed
1261 2087 1366 2151 paene
1388 2088 1485 2150 super

126 2167 300 2233 humanum
335 2187 437 2249 genus
470 2188 526 2233 eos
557 2167 692 2233 extollit.
741 2168 825 2232 Nam
860 2169 953 2233 Plato
984 2169 1013 2235 ei
1042 2191 1173 2254 ozaenas
1206 2177 1255 2234 est
1284 2166 1348 2255 [42]
1378 2169 1485 2234 Xeno·

126 2270 251 2353 phanes
273 2270 397 2332 diacus
419 2270 468 2332 or'r
491 2266 570 2355 [39],
599 2270 818 2346 Parmenides,
842 2271 1065 2355 Empedocles,
1088 2271 1185 2354 Zeno,
1213 2268 1388 2336 Cleanthes
1410 2278 1484 2335 sunt

199 2484 218 2549 ¹)
238 2483 388 2537 Wendland
407 2483 500 2533 Archiv
511 2484 559 2546 fur
580 2481 667 2534 Gesch.
686 2483 730 2534 der
750 2482 902 2548 Plihaoplr'e
922 2484 930 2536 l
951 2482 1043 2550 (1889)
1064 2499 1088 2550 p.
1102 2483 1153 2536 509
1172 2499 1225 2551 seq.
1245 2511 1277 2520 -
1296 2484 1359 2535 Mihi
1379 2484 1483 2551 quidem

127 2570 257 2623 Ausfeldii
276 2571 407 2624 sententia
426 2569 465 2624 vel
486 2569 583 2622 idcireo
597 2568 728 2621 reicienda
744 2569 855 2633 ridetur,
874 2571 943 2638 quod
956 2570 1022 2623 liber
1035 2585 1110 2637 quem
1125 2570 1193 2622 eirea
1206 2570 1302 2623 0101011
1316 2571 1370 2623 nati
1385 2586 1483 2624 annum

127 2660 144 2711 i.
158 2676 179 2711 e.
199 2659 310 2711 Philone
329 2672 384 2711 non
402 2657 484 2709 solum
504 2671 559 2708 non
578 2659 680 2708 mortuo
699 2656 743 2709 sed
763 2655 929 2710 adulescente
948 2658 1123 2724 conscriptum
1148 2671 1204 2708 esse
1229 2661 1338 2724 apparet
1357 2687 1389 2694 -
1408 2658 1483 2709 Xau-

125 2747 237 2798 thiorum
251 2746 322 2797 enim
337 2761 352 2795 a
365 2742 446 2795 Bruto
460 2758 529 2795 anno
542 2742 577 2796 43
590 2760 613 2796 ιι.
627 2743 655 2796 O.
668 2760 694 2795 n.
708 2748 918 2811 oppugnatorum
931 2743 1000 2796 fama
1018 2741 1048 2795 od
1061 2741 1109 2811 πρὸ
1127 2741 1222 2794 πολλοῦ
1241 2740 1275 2809 [c.
1288 2742 1320 2794 18
1334 2744 1423 2810 ples
1435 2744 1480 2813 11]

125 2833 231 2901 vulgata
251 2835 306 2884 erat
325 2860 356 2870 -
377 2830 496 2898 plurimis
515 2831 579 2883 loeis
597 2846 655 2882 eum
674 2830 792 2882 Philonis
812 2831 934 2899 operibus
953 2829 1115 2882 manifestam
1135 2830 1243 2897 praebet
1261 2830 1482 2883 necessitudinem

126 2920 170 2985 (ct.
192 2918 299 2972 Ausield
318 2919 373 2985 p.9
393 2933 456 2985 seq,
476 2916 509 2969 22
522 2934 548 2969 ιι.
566 2919 587 2980 l,
607 2916 650 2983 23,
668 2915 710 2977 30,
730 2916 820 2979 31-38,
839 2917 882 2982 39,
900 2919 943 2980 41,
962 2915 1005 2980 43,
1024 2917 1067 2980 45,
1086 2915 1129 2981 49,
1147 2916 1190 2980 50,
1209 2915 1263 2981 55).
1301 2917 1384 2969 Totus
1398 2932 1481 2969 sermo

125 3011 152 3057 et
170 3006 238 3056 ratio
257 3004 361 3057 dicendi
380 3008 442 3056 sunt
459 3003 594 3067 Philonea,
621 3019 680 3054 nam
711 3003 779 3071 quod
798 3003 950 3056 Ausleldius
977 3004 1009 3056 de
1036 3004 1107 3056 verbi
1131 3002 1261 3073 λεωφόρος
1286 3003 1408 3055 dissimili
1432 3020 1481 3055 usu

126 3089 164 3159 [p.
181 3090 223 3159 18]
243 3091 412 3158 excogitavit,
432 3089 599 3141 falsissimum
618 3093 666 3141 est.
702 3089 730 3141 Si
749 3088 875 3160 λιωφόρος
895 3090 936 3142 hic
950 3095 979 3141 ut
992 3090 1060 3157 apud
1074 3090 1220 3155 Philonem,
1238 3092 1345 3141 nonest
1359 3091 1482 3158 riaquae

125 3176 199 3234 λιίως
216 3176 293 3244 φέρει,
313 3177 442 3244 quomode
465 3175 618 3248 001030οχ
641 3175 681 3227 ἵνα
700 3175 919 3247 κρημνοβατῶμιν
937 3176 1087 3244 oppositum
1106 3176 1141 3227 sit
1168 3191 1221 3228 non
1249 3192 1381 3243 assequor.
1427 3177 1482 3229 Nec

126 3265 209 3333 magis
232 3265 318 3333 placet
337 3265 487 3317 coniectura
509 3262 638 3317 Ausieldii
658 3262 738 3322 locos,
758 3277 822 3331 quos
844 3279 877 3315 ex
901 3262 1036 3330 Scriptura
1058 3262 1206 3330 descripsit,
1236 3263 1428 3329 compilatorem
1448 3280 1480 3316 ex

125 3351 235 3404 Philone
256 3352 426 3419 excerpsisse,
446 3367 503 3404 eum
523 3350 628 3402 aliunde
642 3354 744 3403 constet
762 3366 821 3403 eum
834 3350 914 3402 libros
927 3365 1014 3401 sacros
1033 3349 1127 3417 legisse
1146 3346 1190 3415 [cl.
1204 3346 1411 3419 ὁλοκάριιωμαρ.
1428 3350 1480 3418 12].

125 3437 198 3500 Quod
219 3438 405 3492 Alexandriam
433 3435 618 3506 Ἀλιξανῦριίαν
644 3437 692 3506 τὴν
719 3436 782 3509 πρὸς
800 3435 920 3505 Αἰγύπτῳ
940 3436 1065 3495 nominat.
1094 3433 1423 3504 [cf.Depr0vid.1155],
1450 3452 1480 3490 eo

125 3526 196 3577 nullo
225 3525 300 3577 mode
328 3525 440 3578 efficitur
466 3541 524 3577 eum
554 3540 611 3577 cum
640 3524 686 3576 illa
708 3525 772 3577 urbe
795 3523 893 3575 nullam
919 3524 1011 3575 habere
1038 3521 1257 3574 necessitudinem
1281 3523 1392 3591 [p.13].
1439 3527 1480 3576 An

125 3613 267 3664 concludas
280 3613 416 3664 Philonem
431 3610 555 3664 Iudaeum
575 3627 629 3664 non
647 3612 736 3673 fuisse,
755 3611 824 3679 quod
843 3608 895 3663 iere
913 3610 1011 3677 ubique
1029 3609 1061 3661 de
1080 3610 1120 3660 his
1136 3623 1189 3661 non
1211 3609 1290 3679 ἡμεῖς,
1304 3609 1354 3674 sed
1367 3607 1482 3663 Ἰουδαῖοι

126 3700 164 3751 vel
183 3698 213 3751 τὸ
232 3705 284 3751 τῶν
303 3696 431 3751 'lectulos
449 3695 522 3756 100ος
540 3698 627 3751 dixit?
656 3727 688 3736 —
716 3697 767 3751 Sed
786 3699 814 3750 in
834 3696 946 3765 singulis
969 3695 1100 3749 Ausleldii
1124 3697 1287 3764 argumentis
1306 3697 1447 3749 consistere
1466 3713 1481 3748 a

127 3787 261 3855 proposito
279 3787 461 3845 alienumest,
480 3787 629 3853 praesertim
649 3801 708 3838 cum
736 3785 858 3852 pleraque
877 3785 901 3836 ei
920 3788 946 3836 et
965 3783 1108 3851 Bernaysio
1137 3784 1190 3835 sint
1219 3783 1368 3835 communia
1392 3785 1480 3850 etqui

125 3873 219 3925 librum
239 3871 299 3944 Περὶ
317 3871 457 3941 ἀφθαρσίας
475 3876 617 3941 genuinum
638 3871 782 3932 crediderit,
807 3887 839 3923 ne
862 3869 970 3922 alterum
997 3871 1100 3939 quidem
1124 3871 1266 3922 reiecturus
1285 3869 1328 3920 sit.
1348 3898 1380 3906 —
1400 3871 1440 3922 lta
1458 3872 1481 3922 si

124 3961 152 4011 in
171 3959 216 4012 illo
235 3960 268 4012 ad
287 3975 375 4012 sacrae
387 3958 537 4027 Scripturas
555 3960 634 4012 rerba
652 3973 742 4025 pamm
755 3963 824 4011 recte
834 3957 928 4009 alludit
940 3957 1016 4009 Philo
1030 3955 1150 4024 [Ausfeld
1169 3972 1194 4022 p.
1205 3954 1243 4024 8],
1263 3957 1291 4008 in
1311 3955 1359 4008 hoe
1378 3971 1481 4024 quoque

124 4062 229 4099 sensum
249 4047 305 4099 eius
323 4050 426 4114 torquet
444 4044 573 4114 [2281,2
592 4061 650 4097 cum
663 4045 800 4112 Bernaysii
820 4059 911 4097 comm.
931 4060 975 4111 pp.
989 4042 1121 4107 32-33]
1140 4057 1188 4095 nec
1208 4044 1294 4095 minus
1312 4042 1344 4096 de
1363 4043 1411 4094 hoc
1428 4043 1480 4096 dici

123 4136 218 4201 potest,
237 4134 305 4201 quod
325 4135 352 4185 in
371 4134 417 4186 illo
436 4133 588 4186 Ausfeldius
607 4131 716 4185 Philone
735 4131 871 4199 indignum
892 4128 1121 4198 10οἰωιί[ρ.20]ι
1141 4130 1225 4179 librum
1244 4130 1332 4180 alienis
1345 4147 1358 4178 e
1370 4131 1482 4196 sentibus

123 4219 189 4269 nullo
207 4221 309 4272 consilio
327 4221 441 4284 nudaque
459 4220 554 4271 ratione
566 4220 717 4285 compilatum
730 4236 789 4270 ease.
817 4217 891 4280 Quod
911 4219 938 4270 in
957 4222 1068 4285 utroque
1086 4217 1184 4276 eudem,
1203 4217 1304 4284 opinor,
1324 4219 1424 4271 ratione
1437 4235 1481 4270 ex·

124 4307 275 4374 plicandum
294 4312 341 4360 est.
379 4306 418 4360 Gi.
438 4305 506 4359 inira
524 4323 549 4374 p.
563 4324 629 4359 xxm
648 4310 674 4359 et
691 4323 761 4358 xxiv.

195 4393 217 4459 2)
237 4395 334 4446 Prioris
352 4395 411 4446 libri
432 4410 489 4446 cum
509 4398 632 4461 excerpta
649 4397 751 4445 tantum
771 4397 797 4446 et
814 4393 878 4444 haec
891 4391 1043 4460 gravissime
1055 4391 1207 4457 perturbata
1220 4395 1322 4443 servata
1340 4393 1403 4454 sint,
1422 4408 1479 4444 eum

121 4483 261 4550 posteriori
280 4482 388 4548 iungere
406 4495 460 4533 non
479 4481 561 4546 potui.
599 4478 650 4546 [01.
669 4479 741 4531 Diels
761 4480 871 4547 Doeopr.
891 4494 916 4546 p.
929 4478 954 4540 4,
974 4492 1025 4529 von
1045 4478 1135 4529 Arnim
1155 4492 1198 4544 op.
1212 4479 1248 4530 cit
1267 4494 1293 4544 p.
1305 4479 1348 4542 45,
1368 4484 1395 4532 et
1413 4480 1480 4532 infra

121 4585 147 4639 p.
161 4586 204 4621 mv
223 4585 250 4620 n.
264 4566 301 4635 5.]

1238 4649 1280 4716 llis
