3532 5394
294 371 316 434 4
868 367 1019 425 ΦΙΛΩΝΟΣ

349 565 380 604 τε
402 546 449 606 καί
465 544 607 629 φθαρτόν·
632 545 687 607 εἰσὶ
710 543 737 607 δ’
758 545 786 607 οἳ
801 543 868 627 παρ’
886 544 1031 628 ἑκατέρων
1054 543 1223 629 ἐκλαβόντες
1245 545 1277 607 τδ
1300 545 1353 627 μὲν
1374 544 1493 627 γενητόν
1515 542 1594 626 παρὰ
1608 560 1635 601 ιο

347 653 404 709 τῶν
428 648 544 732 ὕστερον
567 649 645 733 παρὰ
670 647 674 732 Ι
699 650 731 711 δὲ
753 653 810 711 τῶν
834 649 1027 732 πρότεροντὸ
1051 646 1210 732 ἄφθαρτον,
1245 648 1348 731 μικτὴν
1377 647 1460 716 δόξαν
1483 647 1550 709 α’πέ·
1572 663 1647 708 που.

343 751 436 817 λιπον,
458 753 575 835 γενητόν
598 753 647 814 καὶ
670 751 818 836 ἄφθαρτον
841 750 989 833 οἰηθέντες
1015 750 1101 813 αὐτὸν
1128 750 1209 813 εἶναι.
1254 750 1433 834 Δημόκριτος
1461 752 1513 833 μὲν
1541 750 1592 815 οὖν

348 854 395 914 καὶ
416 850 589 938 Ἐπίκουρος
611 857 658 919 καί
681 857 698 917 ό
721 854 810 922 πολὺς
833 852 933 936 όμιλος
955 860 1012 916 τῶν
1028 855 1087 916 ἀπὸ
1109 859 1161 937 τῆς
1177 853 1269 922 Στοᾶς
1290 852 1458 939 φιλοσόφων
1479 855 1590 936 γένεσιν

314 974 329 1022 5
348 957 397 1017 καὶ
419 957 532 1041 φθορὰν
556 959 743 1022 ἀπολείπουσι
766 961 816 1020 τοῦ
832 956 952 1039 κόσμου,
975 959 1050 1041 πλὴν
1067 957 1124 1042 οὐχ
1140 957 1261 1039 ὁμοίως·
1285 958 1311 1019 οἱ
1328 958 1379 1040 μὲν
1395 956 1449 1041 γάρ
1465 958 1592 1026 πολλοὺς

345 1057 472 1142 κόσμους
494 1061 717 1145 ὑπογράφουσιν,
741 1061 782 1121 ιόν
805 1060 857 1142 τὴν
880 1061 931 1142 μὲν
958 1060 1066 1142 γένεσιν
1096 1061 1320 1144 ἀλληλατυπίαις
1346 1060 1395 1123 καὶ
1421 1061 1593 1129 ἐπιπλοκαῖς
1619 1078 1633 1120 ι

345 1161 462 1244 ἀτόμων
486 1162 663 1237 ἀνατιθέασι,
686 1165 738 1247 τὴν
761 1164 793 1226 δέ
815 1164 928 1247 φθοράν
952 1163 1116 1231 ἀντικοπαῖς
1138 1163 1185 1225 καὶ
1208 1163 1382 1246 προσράξεσι
1405 1167 1462 1225 τῶν
1478 1165 1590 1246 γεγυνό·

345 1288 416 1327 των·
441 1267 467 1328 οἱ
491 1267 523 1328 δὲ
539 1266 661 1330 Στωικοὶ
678 1266 786 1350 κόσμον
803 1267 855 1349 μὲν
871 1265 931 1330 ἕνα.
952 1266 1092 1348 γενέσεως
1114 1264 1139 1328 δ’
1167 1264 1255 1329 αὐτοῦ
1271 1267 1339 1328 θεὸν
1355 1264 1455 1338 αἴτιον,
1477 1268 1592 1352 φθορᾶς

345 1368 377 1430 δὲ
402 1367 503 1451 μηκέτι
526 1370 594 1432 θεὸν
618 1370 692 1433 ἀλλὰ
714 1371 766 1452 τὴν
790 1370 976 1454 ὑπάρχουσαν
999 1368 1029 1430 ἐν
1046 1373 1104 1435 τοῖς
1119 1365 1183 1431 οὖσι
1197 1369 1289 1451 πυρὸς
1305 1368 1456 1451 ἀκαματου
1472 1370 1590 1451 δύναμιν

294 1489 325 1537 10
343 1470 457 1554 χρόνων
481 1478 604 1557 μακραῖς
626 1473 771 1557 περιόδοις
793 1472 972 1535 ἀναλύουσαν
998 1471 1033 1535 τὰ
1055 1472 1149 1533 πάντα
1175 1472 1216 1539 εἰς
1242 1471 1357 1554 ἑαυτήν,
1385 1472 1414 1542 ἐξ
1440 1473 1476 1555 ἧς
1505 1475 1589 1535 πολιν

344 1578 392 1637 νῦν
415 1574 600 1658 ἀναγέννησιν
623 1575 735 1656 κόσμου
759 1575 945 1638 συνίστασθαι
968 1575 1133 1658 προμηθείᾳ
1155 1579 1206 1635 τοῦ
1228 1575 1369 1658 τεχνίτου.
1414 1575 1530 1638 δύναται
1556 1577 1590 1638 δὲ

343 1677 417 1739 κατὰ
439 1678 558 1746 τούτους
581 1680 596 1742 ό
620 1678 672 1761 μέν
694 1701 735 1746 τις
757 1677 867 1760 κόσμος
890 1678 988 1754 ἀίδιος,
1011 1676 1076 1739 όδέ
1091 1701 1132 1745 τις
1147 1678 1276 1760 φθαρτὸς
1292 1677 1437 1759 λέγεσθαι,
1460 1679 1590 1763 φθαρτὸς
1604 1696 1630 1737 ιο

345 1781 396 1863 μὲν
419 1783 435 1843 ό
459 1781 531 1843 κατὰ
554 1782 605 1873 τήν
626 1780 825 1864 διακόσμησιν,
849 1781 938 1848 ἀίδιος
961 1780 993 1842 δὲ
1015 1779 1031 1841 ό
1054 1780 1128 1842 κατά
1158 1780 1210 1862 τὴν
1238 1779 1399 1863 ἐκπύρωσιν
1427 1785 1589 1863 παλιγγενε-

343 1884 417 1952 σίαις
439 1885 487 1947 καί
515 1883 657 1968 περιόδοις
684 1884 928 1966 ἀθανατιζόμενος
956 1881 1094 1946 οὐδέποτε
1121 1883 1284 1965 ληγοόσαις.
1330 1882 1534 1967 Ἀριστοτέλης
1556 1885 1589 1947 δὲ

292 2007 322 2055 15
343 1984 445 2069 μήποτ’
463 1986 592 2071 εὐσεβῶς
606 1989 654 2050 καὶ
671 1987 757 2056 όσίως
773 1987 955 2069 ἐνιστάμενος
970 1985 1106 2068 ἀγένητον
1119 1986 1165 2047 καὶ
1182 1983 1331 2068 ἀφθαρτον
1346 1983 1403 2070 ἔφη
1418 1987 1467 2049 τόν
1479 1986 1588 2070 κόσμον

339 2090 421 2163 εἶναι,
446 2090 541 2173 δεινὴν
571 2091 602 2152 δὲ
630 2088 777 2174 ἀθεότητα
803 2090 996 2171 κατεγίνωσκε
1028 2093 1085 2150 τῶν
1114 2088 1246 2150 τάναντία
1274 2087 1443 2158 διεξιόντων,
1471 2089 1499 2152 οἳ
1529 2095 1587 2151 τῶν

342 2195 544 2278 χειροκμήτων
572 2191 654 2255 οὐδὲν
682 2190 826 2275 ᾠήθησαν
855 2192 998 2276 διαφέρειν
1029 2194 1163 2253 τοσοῦτον
1192 2191 1295 2274 όρατόν
1323 2191 1400 2265 θεόν,
1429 2194 1510 2276 ήλιον
1540 2195 1588 2255 καὶ
1602 2209 1629 2250 ιο

341 2298 463 2379 σελήνην
480 2297 527 2358 καὶ
543 2296 576 2357 τό
592 2294 662 2357 ἀλλο
679 2300 736 2356 τῶν
760 2297 911 2378 πλανήτων
928 2296 976 2356 καὶ
992 2294 1129 2356 ἀπλανῶν
1154 2293 1157 2377 i
1183 2297 1222 2362 ῶς
1239 2294 1361 2377 ἀληθῶς
1375 2294 1548 2380 περιέχοντα
1569 2312 1641 2356 22³8.

339 2399 486 2461 πόνθειον.
531 2396 629 2479 ἔλεγέν
656 2421 697 2470 τε,
727 2401 767 2466 ῶς
800 2396 877 2460 ἔστιν
913 2398 1037 2471 ἀκούειν,
1068 2402 1300 2481 κατακερτομῶν,
1335 2396 1379 2460 ότι
1407 2395 1512 2462 “παίλαι
1535 2401 1587 2480 μὲν

289 2522 322 2568 20
341 2501 444 2564 ἐδεδίει
467 2501 531 2584 περὶ
553 2505 605 2583 τῆς
628 2501 728 2573 οἰκίας,
753 2500 794 2583 μὴ
813 2501 914 2585 βιαίοις
930 2500 1086 2581 πνεύμασιν
1108 2525 1127 2583 η
1144 2507 1284 2585 χειμῶσιν
1299 2500 1433 2570 ἐξαισίοις
1448 2502 1467 2585 ή
1484 2502 1583 2588 χρόνῳ

342 2606 356 2626 q
385 2607 392 2622 ι

339 2630 359 2688 η
383 2605 511 2689 ραθυμίηι
534 2609 585 2687 τῆς
608 2603 806 2687 ἁρμοττούσης
834 2603 998 2683 ἐπιμελείας
1025 2604 1186 2686 ἀνατραπῇ,
1213 2604 1273 2665 νυνὶ
1299 2604 1332 2666 δὲ
1358 2603 1448 2688 φόβον
1471 2605 1582 2690 ἐπικρέ-

286 2769 564 2778 ..-—-—-—-.-..---
573 2769 631 2775 ...-..
636 2770 644 2774 .

288 2870 296 2919 l
319 2865 344 2920 δ’
358 2869 486 2920 oiVMvr:
505 2865 531 2918 δὲ
548 2867 571 2918 οἵ
584 2871 645 2918 Ll'a
751 2866 854 2936 γενητόν
867 2863 888 2919 i:
908 2867 1034 2919 ’θωπείας
1053 2867 1168 2938 γεννητὸν
1183 2872 1282 2921 LVPM
1388 2868 1404 2920 2
1423 2869 1501 2940 παρα]
1520 2871 1603 2925 enen

285 2955 387 3027 ὕστερον
406 2958 494 3008 LPM:
522 2953 632 3021 ὑστέρων
651 2958 699 3006 VE
835 2955 955 3024 πρότερον
974 2954 1098 3007 Τιιιιιείκτ
1122 2957 1251 3027 προτέρων
1270 2957 1329 3009 libri
1436 2959 1527 3030 μικρήν
1546 2963 1574 3012 Μ

284 3044 300 3096 3
319 3043 422 3114 γενητὸν
441 3047 476 3094 E:
495 3042 613 3111 γεννητόν
632 3046 732 3095 ΙΝΡΜ
840 3043 899 3093 εἶναι
918 3041 992 3094 αὐτόν
1011 3047 1062 3095 ΡΜ
1168 3044 1247 3095 ὀποῦ
1265 3048 1361 3112 κυσμοῦ
1379 3050 1463 3098 LVE:
1482 3046 1525 3099 τόν
1543 3049 1638 3116 κόσμον

285 3136 326 3184 M:
345 3133 429 3183 oblitt.
449 3131 476 3182 in
497 3131 515 3182 Ρ
614 3133 629 3177 θ
649 3131 831 3200 ύπογροίφουσιν
851 3134 936 3182 PMV:
957 3128 1125 3198 Ιἰπογροίφουσι
1145 3134 1178 3182 L:
1200 3130 1422 3204 θπεργρίφουσιθ
1530 3136 1544 3186 i
1564 3154 1638 3206 προς-

284 3218 415 3289 αροίξισιι
526 3217 605 3285 ὃμὲν
624 3217 679 3286 ἕνα]
698 3220 743 3285 μὲν
762 3233 811 3269 om.
830 3221 882 3269 PM
1006 3217 1134 3286 γενέσεως]
1154 3219 1306 3288 γενέσθαιλ,
1439 3218 1465 3273 δ’
1487 3227 1581 3275 VMvr:
1612 3223 1638 3276 δὲ

283 3311 345 3360 ΙιΡα
468 3309 483 3355 θ
507 3305 567 3373 πρὸς
590 3307 735 3374 ἀκαμοίστου
756 3310 792 3356 V:
820 3304 880 3373 πρός
903 3305 1042 3372 ἀκαμάτων
1062 3311 1082 3356 i:
1210 3307 1242 3359 10
1268 3307 1422 3361 ἀναλύουσαν
1439 3314 1522 3363 Ll'M:
1551 3312 1638 3364 ἀναλί·

284 3410 373 3464 γυυσαν
394 3398 440 3445 Vi}
575 3394 602 3444 ll
629 3398 672 3444 νῦν
691 3394 850 3462 ἀναγέννησιν
869 3397 901 3444 L:
922 3391 953 3443 wi
972 3394 1131 3462 ἀναγέννησιν
1150 3399 1215 3447 PM:
1233 3396 1391 3466 ἀναγέννησιν
1409 3401 1453 3448 νῦν
1472 3402 1509 3449 V:
1536 3399 1638 3468 ἀναγίν-

283 3497 352 3552 νησιν
365 3499 405 3533 vr:
424 3481 564 3550 ἀναγίνεσιν
578 3497 603 3530 αι
625 3479 655 3531 αό
676 3488 780 3548 propter
798 3481 895 3531 hiatum
916 3482 995 3547 recipi
1015 3482 1118 3548 nequit:
1138 3481 1169 3533 αὖ
1188 3483 1245 3534 νέαν
1263 3485 1355 3552 γένεσιν
1374 3485 1457 3537 Diels:
1476 3482 1638 3555 τιν’ἀναγέι-

282 3585 352 3639 νησιν
375 3569 515 3621 Buecheler
699 3569 796 3634 κόσμου
819 3565 979 3618 συνίστασθαι
1003 3572 1088 3619 LPvr:
1118 3568 1277 3622 συνίστασθαι
1294 3572 1391 3639 κόσμου
1412 3576 1447 3625 V:
1475 3579 1521 3626 τοῦ
1539 3574 1637 3642 κόσμου

283 3655 441 3708 συνίστασθαι
460 3673 486 3708 a:
506 3657 603 3723 κόσμου
622 3653 735 3707 ἵστασθαι
755 3658 782 3706 Μ
874 3655 904 3706 12
924 3655 950 3706 δέ
968 3654 1016 3722 τις]
1036 3674 1072 3713 τις
1091 3672 1140 3709 om.
1159 3661 1181 3709 L
1283 3659 1313 3710 13
1332 3660 1378 3728 τὴν
1397 3660 1571 3731 διακόσμησιν]
1591 3664 1638 3732 τὴν

283 3759 332 3796 om.
353 3748 403 3797 PM
509 3744 556 3812 τἠν
575 3742 714 3811 ἐκπόριυσιν
735 3747 767 3794 L:
786 3748 832 3810 τῆς
850 3742 1017 3814 ἐκπυρώσεως
1036 3747 1112 3796 VMP
1223 3747 1253 3800 15
1272 3744 1368 3817 μήποτ’
1389 3752 1452 3800 PM:
1483 3750 1581 3819 μήποτε
1602 3752 1636 3802 V:

282 3830 407 3901 μηδέποτε
427 3834 460 3882 L:
480 3831 512 3882 ci.
531 3830 583 3882 ind.
691 3830 824 3900 ἀγέννητον
844 3834 920 3882 ΡΡΜ
1030 3833 1059 3882 λθ
1079 3834 1253 3902 καταγίνωσκε
1272 3851 1301 3886 ιο
1410 3836 1439 3887 i'i
1457 3839 1637 3909 γιιρυκμήτων

282 3922 366 3970 LVE:
386 3918 560 3991 χειρυτμήτων
579 3921 630 3970 ΡΜ
754 3915 825 3968 υόδέν
844 3934 893 3969 om.
913 3936 928 3970 ιι
1052 3918 1141 3989 ὁρατόν
1159 3920 1229 3986 θεὸν]
1248 3922 1318 3991 ἔργον
1336 3921 1436 3975 θεοῠλδ
1564 3925 1596 3977 18
1614 3944 1638 3977 τι

282 4005 344 4058 ἄλλο
364 4011 392 4059 Μ
533 4005 668 4077 πλανητῶν
694 4006 753 4071 (sic)
772 4010 818 4057 LV
962 4008 991 4058 λθ
1019 4007 1137 4059 πόνθειυν
1159 4011 1283 4078 Mangey:
1312 4013 1360 4062 πὰν
1384 4010 1452 4064 θεῖον
1471 4012 1531 4065 libri

282 4095 363 4163 ἔλεγεν
381 4099 415 4147 L:
436 4095 503 4163 ἔλεγε
523 4098 599 4147 VPM
740 4095 782 4144 καὶ
800 4098 860 4146 anie
879 4112 1013 4166 κατακερτ.
1033 4096 1091 4148 add.
1111 4097 1224 4150 Turneb.
1359 4099 1392 4150 20
1410 4098 1545 4167 πνεύμασιν
1565 4101 1637 4154 libri:

282 4181 397 4252 ῥεύμασιν
422 4183 546 4249 Rerum,
565 4182 610 4234 sed
628 4182 660 4233 ei.
674 4180 726 4233 ind.
742 4197 761 4232 ο.
775 4198 798 4233 ν.
812 4186 908 4249 πνεῦμα
1049 4183 1091 4236 21.
1118 4200 1143 4251 ρ.
1157 4185 1201 4248 5,1
1225 4185 1406 4257 ἐπικρέμασθαι
1425 4187 1495 4240 Diels
1517 4188 1549 4240 cf.
1567 4188 1635 4241 ind.:

281 4269 491 4340 ἐπικεκρεμοίσθαι
510 4272 596 4322 LPM:
622 4269 784 4336 ἐπικρεμοίααι
806 4273 828 4319 V

282 4412 590 4419 ..-—.—-..——.-.-
605 4412 650 4417 ..--
678 4413 681 4416 υ

284 4496 315 4547 14
343 4495 491 4549 Aristotelis
514 4495 604 4563 fragm.
623 4495 661 4547 ed.
681 4496 711 4547 V.
739 4496 806 4547 θυαε
828 4496 896 4562 Lips.
921 4496 984 4547 1886
1011 4514 1034 4564 ρ.
1049 4496 1137 4559 :ee-213.
1157 4514 1183 4549 ιι.
1206 4498 1249 4560 18;
1276 4499 1308 4552 σί.
1328 4500 1444 4569 Bemays
1468 4501 1571 4572 [Μαίας.
1592 4503 1637 4554 des

281 4586 387 4637 Aristot.
408 4603 428 4637 s.
452 4582 507 4635 101.
1447 4613 1452 4616 -
