3532 5394
620 355 700 411 ΠΕΡΙ
722 354 918 410 ,1ΦΘΑΡΣίλΣ
937 373 958 410 ς.
972 358 1004 409 27
1449 353 1491 415 43

187 532 362 614 μεταβάλλει
386 532 481 615 φύσιν,
505 530 706 599 ἀθανατίζεται
730 531 839 610 μᾶλλον
863 528 882 610 ή
906 528 1055 611 φθείρεται
1079 529 1151 590 κατὰ
1181 530 1211 591 τδ
1236 525 1480 611 φιλοσοφηθέντα

186 633 241 694 ὑπὸ
267 640 270 715 ξ
295 639 345 695 τοῦ
369 638 502 717 τραγικοδ
1420 643 1492 687 αῖον.

483 736 602 818 θνήσκει
626 733 651 795 δ’
673 733 755 796 οὐδὲν
781 739 839 794 τῶν
862 732 1046 814 γιγνομένων,

486 835 699 919 διακρινόμενον
724 834 751 897 δ’
773 835 844 897 ἀλλο
868 837 938 917 πρὸς
961 833 1050 895 ἀλλον

487 938 601 1021 μορφήν
624 937 725 1019 ἑτέραν
749 935 905 1004 ἀπέδειξεν.

273 1041 421 1122 Ιίαντελής
443 1063 475 1121 γε
499 1042 555 1122 μἠν
580 1039 703 1120 εὐήθεια
727 1039 757 1098 τδ
781 1037 862 1118 γένος
885 1043 942 1099 τῶν
967 1038 1131 1120 ἀνθρώπιον
1159 1037 1217 1099 ἀπὸ
1240 1042 1297 1098 τῶν
1321 1043 1431 1120 τεχνῶν

184 1145 382 1214 ἐξετάζεσθαν
407 1149 443 1225 τή
468 1143 522 1223 γάρ
545 1142 610 1222 περὶ
633 1141 681 1201 τόν
705 1138 789 1220 λόγον
813 1139 917 1222 ἀτοπία
941 1162 981 1206 τις
1004 1140 1211 1221 ἀκολουθήσας
1227 1138 1289 1200 νέον
1307 1140 1354 1200 τόν
1371 1137 1435 1200 κόσ-

186 1269 238 1327 μον
263 1248 406 1327 ἀποφανεῖ
429 1247 545 1326 κομιδή,
569 1242 651 1323 μόλις
673 1244 728 1325 πρὸ
752 1242 854 1325 χιλίων
883 1241 1009 1322 παγέντα
1038 1242 1188 1315 ἐνιαυτῶν,
1217 1241 1279 1301 ἐπεὶ
1307 1242 1355 1302 καί
1382 1240 1432 1308 οὓς
1460 1255 1473 1296 ο

185 1349 403 1430 παρειλήφαμεν
428 1353 484 1407 τῶν
508 1347 676 1426 ἐπιστημῶν
692 1344 810 1425 εὑρετάς
832 1343 880 1404 τόν
903 1343 1046 1426 λεχθέντα
1071 1349 1128 1404 τῶν
1152 1344 1292 1404 ἐνιαυτῶν
1308 1343 1432 1424 ἀριθμόν

131 1469 164 1515 10
182 1448 244 1532 οὐχ
257 1449 493 1531 ὑπερβάλλουσιν.
528 1448 553 1507 εἰ
566 1447 597 1507 δὲ
610 1448 645 1528 δὴ
660 1446 706 1507 καί
720 1443 834 1506 λεκτέον
849 1444 899 1512 τοίς
911 1445 1014 1527 τέχνας
1028 1445 1157 1526 ἰσήλικας
1170 1444 1334 1525 ἀνθρώπων
1348 1444 1432 1523 γένει,

186 1549 253 1632 μεθ’
282 1549 405 1631 ἱστορίας
430 1554 563 1632 φυσικῆς,
588 1546 653 1609 ἀλλ’
682 1547 734 1608 οὐκ
758 1546 974 1628 ἀπερισκέπτως
1003 1546 1049 1608 καί
1074 1546 1213 1628 ρηιθόμως
1239 1546 1366 1608 λεκτέον.
1412 1547 1430 1627 ή

183 1651 209 1714 δ’
232 1653 341 1733 ἱστορία
364 1651 419 1729 τίς;
442 1652 549 1734 φθοραὶ
567 1657 623 1711 τῶν
647 1649 720 1711 κατὰ
743 1653 795 1731 γῆν
820 1648 873 1710 οὐκ
896 1647 1013 1730 ἀθρόων
1037 1649 1172 1710 ἁπάντων
1196 1648 1270 1709 ἀλλά
1287 1652 1343 1710 τῶν
1359 1648 1434 1709 πλεί·

183 1777 259 1817 στιυν
276 1755 339 1816 δυσὶ
350 1756 412 1820 ταῖς
424 1754 569 1834 μεγίσταις
581 1753 683 1819 αἰτίαις
695 1752 885 1822 ἀνατίθενται,
902 1753 991 1833 πυρὸς
1006 1752 1053 1813 καὶ
1066 1751 1168 1818 ὕδατος
1181 1750 1310 1818 ἀλέκτοις
1322 1757 1434 1834 φοραῖς.
1451 1767 1477 1807 ιο

185 1858 397 1939 κατασκήπτειν
421 1855 445 1916 δ’
474 1854 612 1937 ἑκατέραν
635 1855 664 1915 ἐν
689 1853 769 1935 μέρει
793 1855 880 1937 φασὶν
904 1853 933 1914 ἐν
950 1854 1022 1914 πάνυ
1041 1856 1163 1934 μακραῖς
1180 1853 1318 1915 ἐνιαυτῶν
1341 1851 1435 1936 περιό-

133 1979 163 2025 15
184 1961 257 2025 δοις·
282 1958 349 2020 όταν
374 1959 425 2038 μέν
449 1956 499 2018 οὖν
522 1955 664 2038 ἕμπρησις
687 1957 908 2039 καταλαμβάνῃ.
932 1957 1025 2038 ρεδμα
1047 1954 1178 2038 αἰθερίου
1206 1957 1297 2038 πυρὸς
1320 1954 1433 2017 ἀνωθεν

183 2062 358 2144 ἐκχεόμενον
386 2064 523 2143 πολλαχῇ
555 2059 774 2130 σκεδάννυσθαι,
807 2060 918 2139 μεγάλα
945 2058 1070 2140 κλίματα
1097 2063 1149 2138 τῆς
1179 2057 1350 2141 οἰκουμένης
1377 2059 1434 2119 ἐπι-

180 2163 294 2247 τρέχον.
340 2162 408 2225 όταν
434 2163 465 2223 δέ
489 2162 700 2242 κατακλυσμός,
724 2160 839 2222 άπασαν
855 2162 906 2242 τήν
920 2161 1023 2228 ὕδατος
1040 2159 1243 2244 [κατομβρίαν]
1261 2159 1431 2243 κατααόρειν

132 2376 142 2424 l
163 2373 258 2441 μᾶλλον
277 2374 334 2424 iter.
354 2377 415 2435 (om.
433 2373 462 2438 ἡ)
482 2377 502 2424 L
621 2373 686 2422 κατὰ
706 2372 734 2423 τὸ
754 2369 934 2440 φιλοσοφηθέν]
955 2368 1190 2440 καταφιλοσοφηθέν
1209 2374 1261 2423 PM
1377 2373 1393 2423 3
1412 2389 1490 2440 γιγνο·

130 2462 215 2529 μένων
236 2462 367 2527 Beruays:
388 2460 523 2529 γινομένων
543 2461 601 2511 libri
745 2459 760 2508 4
780 2456 856 2508 ἄλλου
875 2458 978 2509 Nauck:
1002 2456 1063 2508 ἀλλο
1083 2457 1156 2508 libri:
1180 2455 1250 2525 ἄλλῳ
1271 2459 1386 2525 Bernays

128 2545 275 2605 ὀάπέδειξι
295 2550 346 2599 PM
454 2546 525 2603 ίτις
543 2550 625 2598 LPE:
646 2546 683 2603 τίς
703 2550 754 2598 VM
863 2544 1023 2613 ἀκολοθήσας
1041 2549 1063 2596 Ι,
1164 2543 1336 2613 θευρεταὶν
1438 2551 1489 2596 τῶν

129 2640 188 2684 ante
208 2633 328 2684 ἐνιαυτῶν
348 2651 396 2684 om.
416 2653 445 2684 ιιι
556 2635 582 2685 11
604 2623 738 2700 ἀλλ’ὀίικ]
758 2627 812 2683 ἀλλ’
833 2646 882 2683 om.
903 2633 955 2682 PM
1066 2632 1094 2683 12
1117 2632 1155 2688 τίς
1174 2632 1245 2683 libri:
1264 2633 1288 2682 τί
1307 2633 1420 2684 Τιιιιιεί).

128 2719 229 2791 ἀθρόων
249 2724 337 2772 VPra:
356 2720 447 2790 ἀθρόον
468 2725 534 2772 LMv
555 2719 679 2781 cf.4·2,18
789 2717 819 2770 13
839 2717 953 2774 ἀλέκτοις
971 2721 1081 2783 LVME,
1100 2718 1133 2768 οί.
1147 2720 1257 2770 testim:
1276 2717 1395 2788 ἀλήκτοις
1414 2723 1435 2771 P

132 2808 161 2858 14
189 2807 262 2874 φασὶν
281 2807 306 2857 ἐν
326 2808 394 2876 μέρει
414 2811 460 2858 VE
613 2812 720 2875 μακραῖς
740 2811 773 2858 E:
804 2811 903 2878 μικραῖς
921 2808 1010 2856 LVM:
1036 2805 1121 2857 ohim.
1141 2807 1169 2857 in
1189 2810 1209 2857 Ρ
1356 2806 1489 2869 ἐνιαυτῶν]

128 2894 193 2944 ἑτῶν
214 2898 234 2945 E
364 2893 393 2945 15
422 2891 492 2961 όταν]
513 2893 596 2946 ότεΕ
722 2894 917 2962 έμπρησμοῖςΕ
1049 2889 1233 2961 καταλαμβάνῃ
1253 2908 1284 2943 ex
1304 2890 1492 2961 καταλαμβάνει

127 2983 232 3031 cornl,
322 2980 431 3051 αἰθερίου
451 2986 533 3033 LVP:
559 2979 658 3051 αἰθρίου
677 2984 718 3032 M:
746 2977 896 3050 αἰθερίονΕ
990 2978 1020 3028 16
1046 2978 1209 3029 σκεδάννυται
1228 2981 1250 3028 E
1342 2977 1373 3029 17
1397 2996 1491 3046 κατομ-

128 3067 198 3137 βρίαν
211 3082 260 3117 om.
272 3071 307 3118 E:
328 3068 481 3119 vocabulum
502 3068 571 3135 apud
587 3067 754 3119 Laurentium
766 3067 867 3134 Lydum
887 3067 997 3132 primum
1018 3066 1159 3117 iuvenitur.
1187 3065 1284 3115 addidit
1303 3067 1346 3130 qui
1363 3067 1490 3115 subiectum

128 3154 231 3217 ουίρακί,
251 3154 343 3217 opinor,
364 3173 418 3204 voce
438 3156 561 3218 explicare
580 3155 690 3204 studebat
710 3154 840 3219 (es.3ss‚3)
852 3153 923 3204 Diels
1030 3150 1177 3220 κατασόριιν
1191 3151 1342 3203 Buecheler:
1360 3151 1490 3220 κατασόρη

127 3243 241 3292 LVPM:
261 3241 395 3308 κατασύρει
417 3245 437 3291 d:

127 3418 142 3467 8
162 3418 228 3469 Ρίαῑ.
248 3418 327 3485 Legg.
341 3419 374 3470 111
396 3419 469 3470 (md
498 3418 565 3491 χίλια
588 3417 633 3487 ἀφ’
657 3418 686 3470 οὔ
705 3420 804 3487 γέγονεν
823 3423 913 3483 (ταῦτα
930 3435 966 3470 sc.
986 3420 1081 3486 τέχναι)
1102 3417 1171 3487 ήδίς
1188 3423 1298 3468 τοσαῦτα
1317 3417 1369 3486 έτη,
1392 3419 1424 3469 τὰ
1445 3418 1491 3484 μέν

125 3501 242 3571 Δαιδάλῳ
267 3510 399 3574 καταφανῆ
424 3508 516 3573 γέγονε,
544 3507 575 3556 τὰ
599 3505 625 3556 δέ
649 3504 744 3577 Ὀρφεῖ,
773 3507 804 3557 τά
830 3505 856 3556 δὲ
876 3503 1022 3574 Παλαμήδει
1045 3524 1069 3555 κ.
1085 3523 1107 3556 τ.
1123 3502 1146 3554 λ.
1308 3506 1396 3571 ίέυηη
1424 3506 1490 3556 Ρίκι.

127 3592 194 3642 Tim.
214 3592 246 3641 22
267 3594 286 3643 G
305 3591 395 3643 πολλαί
418 3594 462 3644 καὶ
481 3594 546 3643 κατὰ
569 3592 649 3644 πολλὰ
670 3594 762 3660 φθοραί
785 3594 911 3660 γεγόνασιν
934 3590 1078 3662 ἀνθρώπων
1103 3592 1145 3642 καὶ
1169 3591 1274 3655 ἔσονται,
1303 3594 1360 3659 πυρὶ
1384 3592 1428 3658 μέν
1448 3593 1491 3644 καί

127 3676 198 3730 ὕδατι
223 3679 342 3745 μέγισται,
371 3679 467 3748 μυρίοις
490 3679 516 3730 δέ
541 3678 625 3734 ἀλλοις
648 3679 729 3748 ἕτεραι
749 3680 899 3751 βραχότεραι
980 3679 1020 3730 διά
1042 3685 1149 3747 μακρῶν
1170 3679 1271 3749 χρόνων
1289 3679 1419 3747 γιγνομένη
1438 3684 1490 3730 τῶν

127 3765 166 3815 ἐπὶ
185 3769 230 3833 γῆς
248 3766 306 3834 πυρὶ
326 3765 411 3834 πολλῶ
431 3767 521 3835 φθορά.
541 3766 597 3817 τότε
616 3764 659 3816 οὖν
678 3763 729 3816 ὅσοι
749 3766 810 3817 κατ’
829 3766 875 3836 όρη
902 3767 943 3816 καί
963 3765 989 3816 ἐν
1009 3765 1115 3835 υψηλοῖς
1138 3766 1223 3821 τόποις
1248 3766 1335 3818 καὶέν
1355 3765 1438 3837 ξηροῖς
1456 3766 1490 3817 οἰ-

127 3856 205 3915 κοῦσι,
226 3851 321 3918 μᾶλλον
341 3851 481 3905 διόλλυνται
499 3859 551 3903 τῶν
570 3859 693 3919 ποταμοῖς
711 3854 753 3904 καὶ
773 3853 885 3922 θαλάττη
904 3852 1117 3920 προσοικοόντων.
1156 3854 1216 3903 vita
1236 3855 1312 3904 110515
1333 3855 1353 3904 11
1369 3870 1390 3904 ε.
1406 3854 1438 3905 10
1456 3854 1490 3916 (ll

130 3941 233 4000 11311.)
272 3939 340 3989 Deus
364 3940 481 3990 homiues
505 3941 586 3991 malos
609 3941 748 4006 castigavit
771 3946 823 3990 τῶν
842 3946 887 3990 τοῦ
905 3938 996 3996 παντὸς
1021 3938 1233 4006 δραστικωτάτων
1258 3938 1389 4011 στοιχείων
1409 3940 1490 3991 ἐπιθε-

126 4026 216 4092 μένων,
237 4022 326 4081 θδατος
344 4026 387 4075 καὶ
406 4024 489 4094 πυρός,
510 4026 546 4085 ῶς
565 4034 661 4096 καιρῶν
681 4026 803 4096 περιόδοις
821 4026 879 4082 τους
898 4028 943 4093 μέν
962 4025 1150 4093 κατακλυσμοῖς
1169 4027 1304 4097 φθαρῆναι,
1323 4027 1382 4084 τους
1400 4025 1426 4078 δέ
1446 4045 1491 4078 κα-

126 4110 312 4181 ταηιλεχθέντας
330 4110 473 4163 ἀπολέσθαι.
510 4112 605 4182 πελάγη
625 4115 670 4180 μὲν
695 4112 801 4182 ἀρθέντα
821 4114 863 4164 καὶ
882 4114 990 4180 ποταμοί
1014 4113 1223 4184 μετεωρισθέντες
1241 4111 1377 4180 αὐθιγενεῖς
1395 4132 1421 4164 τε
1447 4115 1490 4166 καί

125 4199 256 4268 χείμαρροι
273 4199 318 4254 τάς
336 4198 362 4249 έν
379 4199 412 4269 τῇ
432 4198 526 4251 πεδιάδι
539 4199 622 4257 πόλεις
640 4200 736 4256 ἀπάτας
756 4198 895 4250 ἐπέκλωσαν
914 4201 955 4250 καί
970 4203 1119 4270 κατέσυραν,
1137 4199 1181 4256 τὰς
1200 4199 1226 4250 δέ
1244 4201 1309 4251 κατά
1327 4200 1374 4268 τὴν
1393 4199 1490 4270 όριινίην
1520 4216 1525 4225 ·

125 4286 151 4335 αἱ
171 4281 226 4351 μεθ’
247 4284 342 4355 ήμέραν
358 4286 404 4336 καὶ
423 4286 523 4356 νύκτωρ
548 4294 657 4358 συνεχεῖς
679 4288 721 4337 καὶ
741 4285 883 4338 ἀδιάστατοι
908 4284 1036 4356 ὄμβρων
1064 4287 1146 4355 φοραί.
1192 4285 1276 4357 χρόνῳ
1296 4285 1321 4337 δέ
1341 4284 1443 4354 ὕστερον
1462 4287 1490 4338 έκ

127 4377 179 4421 τῶν
199 4370 401 4438 υπολεῑρθέντων
429 4372 501 4424 πάλιν
521 4379 565 4425 τοῦ
589 4375 673 4442 γένους
693 4371 889 4441 συναυξηθέντος
912 4374 955 4423 καὶ
974 4374 1008 4429 εἰς
1027 4373 1238 4445 πολυανθρωπίαν
1261 4371 1389 4430 ἐπιδόντος
1406 4373 1489 4444 ἐπειδὴ

189 4459 212 4508 οἰ
232 4457 350 4526 ἀπόγονοι
368 4459 430 4529 πρός
443 4458 577 4518 ἀκολασίας
591 4462 726 4531 ἐτράποντο
807 4461 863 4530 πυρὶ
881 4458 986 4516 τρίτους
1000 4460 1134 4522 ἀναλῶσαι,
1154 4460 1271 4530 διενοήθη
1355 4462 1398 4512 καί
1417 4461 1490 4533 μέχρι

126 4548 170 4594 τοῦ
189 4549 231 4595 νῦν
251 4551 358 4614 μνημεῖα
377 4550 422 4596 τοῦ
442 4546 631 4616 συμβεβήκοτος
649 4545 782 4598 ἀλέκτου
801 4547 897 4605 πάθους
915 4545 1038 4598 δείκνυται
1057 4548 1122 4597 κατά
1142 4545 1239 4620 Συρίαν.
