3532 5394
200 315 253 355 v111
753 309 1006 364 Peosccohcsl

201 482 272 559 uiri,
293 490 328 547 ct
351 483 475 545 θάνατον
497 482 531 546 οὐ
554 484 683 566 καθαρόν
705 483 754 546 τόν
770 482 806 546 δι’
833 482 962 568 ἀγχόνης
983 489 1070 548 certe
1092 503 1156 546 non
1172 481 1316 546 Graecus
1337 478 1476 562 scripsit,
1498 478 1558 544 sod

200 583 339 649 Iudaeus
351 584 383 666 ¹),
406 584 464 649 sed
487 583 623 666 Philo²).

286 685 413 751 Nemini
436 706 520 751 nuno
544 685 675 750 dubium
698 686 767 751 fore
789 685 914 750 confido
936 685 1088 770 scriptum
1108 685 1179 769 Περὶ
1201 685 1366 769 ἀφθαρσίας
1387 682 1470 748 sicut
1492 681 1558 746 dia-

201 789 309 870 logum
326 789 376 853 Ds
392 786 595 871 providentia
610 786 731 851 homini
744 787 865 854 Iudaeo
880 787 1084 852 tribuendum
1107 807 1190 869 esse,
1212 786 1271 851 sed
1286 785 1386 850 oritur
1400 782 1558 866 quaestio,

201 909 257 954 cnr
278 889 312 952 in
334 888 384 953 his
407 887 496 954 libris
519 888 630 970 religio
653 888 723 953 eins
745 889 837 971 quasi
866 889 995 955 obtecta
1022 896 1054 955 et
1080 890 1190 954 velata
1211 894 1378 970 appareat.
1429 887 1476 950 Ao
1498 884 1560 969 pri-

201 1011 287 1054 mum
310 989 515 1070 monendum,
538 996 572 1053 ut
595 1009 693 1073 supra
715 990 834 1055 dictum
858 998 915 1072 est,
940 991 982 1055 od
1005 988 1242 1074 philosophiam
1263 988 1345 1053 haec
1367 1006 1468 1070 opera
1490 1007 1559 1069 per·

203 1092 313 1173 tinere,
336 1110 402 1156 non
425 1090 468 1154 ad
484 1089 683 1173 religionem,
706 1112 765 1157 nec
788 1093 866 1157 solis
880 1091 1010 1157 Iudaeis
1025 1092 1207 1175 conscripta
1229 1110 1301 1156 esse
1323 1090 1381 1156 sed
1401 1089 1557 1168 omnibns,

201 1194 255 1276 qni
279 1190 468 1258 humaniore
490 1191 602 1257 imbuti
625 1201 719 1258 erant
740 1194 895 1259 doctrina.
944 1193 1029 1258 Num
1056 1193 1089 1258 in
1112 1193 1205 1257 huius
1233 1192 1319 1257 modi
1341 1191 1559 1274 disputatione

202 1293 300 1359 Mosis
323 1293 548 1359 auctoritatem
570 1302 728 1377 perpetuo
751 1296 903 1360 invocare
925 1294 1065 1361 licebat?
1106 1295 1241 1360 Abeona
1257 1294 1385 1376 quidem
1400 1312 1440 1356 ac
1456 1312 1559 1374 paene

202 1395 338 1460 ridicula
371 1394 496 1478 graecis
513 1394 712 1476 ¹hominibus
748 1397 841 1462 huius
868 1397 985 1462 aetatis
1006 1395 1143 1463 fuissent
1175 1401 1367 1478 argumenta
1399 1415 1417 1459 e
1450 1399 1559 1459 vetere

203 1498 343 1580 quadam
377 1517 417 1562 ao
449 1499 605 1581 despecta
637 1498 847 1563 barbarorum
881 1498 1036 1581 religione
1070 1499 1180 1582 petita
1232 1497 1364 1562 Talibus
1397 1516 1559 1561 sacrorum

202 1600 405 1665 Iudaicorum
428 1599 558 1666 sodales
573 1600 688 1666 edocet
703 1608 735 1666 et
751 1607 933 1666 commonet
949 1599 1051 1683 Philo,
1076 1600 1133 1665 sed
1149 1620 1220 1664 cnm
1237 1599 1404 1682 profanam
1422 1600 1560 1663 Alexan-

200 1700 364 1764 drinorum
388 1701 601 1767 litteratorum
625 1700 859 1767 multitudinem
883 1701 1057 1784 alloquitur
1079 1701 1185 1785 posita
1209 1700 1320 1765 ludaei
1356 1718 1496 1783 persona
1518 1699 1559 1763 ad

204 1800 415 1885 philosophos
444 1809 477 1867 et
503 1810 617 1885 poetas
640 1803 793 1886 confugit,
816 1823 1000 1868 communes
1028 1802 1167 1866 omnium
1191 1802 1386 1867 eruditorum
1417 1800 1560 1865 delicias.

201 1902 271 1969 Nec
294 1903 540 1987 supponendum
563 1924 635 1970 eum
666 1911 700 1968 ul
727 1905 809 1969 alios
832 1905 918 1969 illius
946 1904 1063 1970 aetatis
1091 1903 1264 1986 Iudaeos³)
1291 1902 1446 1985 originem
1469 1922 1559 1966 suam

202 2006 393 2081 occultasse,
418 2012 451 2069 ot
467 2006 526 2070 sub
542 2005 726 2089 philosophi
743 2006 850 2089 graeci
873 2025 1013 2090 persona
1027 2004 1134 2069 furtim
1150 2005 1284 2070 Iudaica
1300 2005 1456 2070 insereret
1471 2023 1561 2087 prae-

201 2115 308 2190 cepta,
332 2106 390 2173 sed
412 2107 577 2190 antiquam
602 2108 863 2192 philosophorum
886 2107 1069 2173 Aristotelis
1091 2107 1122 2170 in
1154 2107 1265 2191 primis
1297 2105 1561 2171 consuetudinem

202 2207 357 2291 seqnitur,
386 2208 440 2291 qui
467 2210 549 2275 alios
576 2210 619 2275 ad
646 2209 821 2293 discipulos
844 2211 1038 2277 erudiendos
1066 2209 1312 2274 conscribebant
1338 2208 1447 2290 libros,
1479 2207 1561 2272 alios

204 2310 402 2395 ἐξωτερικοός,
426 2331 506 2394 quos
529 2331 640 2377 omnes
669 2318 701 2377 et
730 2314 838 2394 legere
871 2319 904 2378 et
935 2313 1124 2394 intellegere
1157 2319 1299 2395 possent.
1355 2310 1423 2375 Nec
1457 2308 1561 2373 minus

203 2420 319 2496 postea
341 2411 428 2496 apud
458 2412 650 2478 christianos
678 2435 806 2496 quoque
832 2414 884 2478 hio
907 2435 982 2479 usos
1004 2414 1119 2496 viguit:
1153 2432 1227 2477 nam
1255 2420 1287 2478 et
1309 2411 1506 2493 Augustinus
1528 2411 1561 2475 in

203 2514 341 2596 dialogis
364 2514 554 2596 quibusdam
578 2523 611 2580 et
636 2516 767 2581 Boetius
789 2517 822 2580 in
836 2515 1064 2581 Consolatione
1088 2523 1120 2581 et
1142 2514 1197 2579 alii
1221 2534 1241 2578 a
1263 2513 1359 2579 solito
1375 2512 1562 2598 Scripturas

202 2615 366 2681 abstinent
389 2637 448 2681 usn
471 2623 503 2683 et
527 2618 640 2683 eadem
663 2638 727 2700 qua
744 2617 836 2682 Philo
852 2618 977 2683 ratione
1000 2617 1177 2683 sententias
1194 2623 1226 2682 et
1241 2623 1431 2698 argumenta
1454 2615 1562 2680 omnia

202 2737 221 2782 e
244 2719 381 2800 paganis
398 2718 549 2785 hauriunt
564 2719 807 2804 philosophis⁴).

290 2818 369 2883 Cum
392 2841 434 2886 ex
456 2821 507 2886 his
531 2829 597 2886 tum
621 2841 660 2887 en
684 2821 791 2886 multis
814 2821 886 2885 aliis
907 2822 1123 2905 conspicuum,
1147 2818 1257 2903 quanti
1274 2839 1425 2902 graecam
1448 2820 1562 2886 doctri·

202 2940 277 2983 nam
289 2929 321 2985 et
333 2941 467 3003 graecas
479 2922 603 2988 litteras
615 2922 866 3006 ieceritPhilo⁵).
891 2925 1001 2989 Genus
1014 2922 1187 2987 humanum
1200 2922 1229 2986 ei
1242 2941 1369 3003 quoque
1383 2941 1424 2986 ex
1437 2921 1563 2987 duabus

206 3021 351 3087 consistit
374 3024 528 3109 partibus,
551 3022 827 3109 altera‘llttipon,
843 3026 947 3089 altera
971 3025 1178 3089 harbarorum
1186 3023 1220 3107 ⁸),
1244 3033 1361 3088 etcum
1378 3043 1472 3088 nemo
1489 3043 1565 3089 vere

276 3210 294 3274 ¹)
315 3211 454 3264 Deuteron.
492 3213 558 3264 XXI
579 3213 622 3265 23.

276 3296 297 3362 ⁷)
317 3295 355 3349 Ci.
376 3298 413 3350 De
432 3303 496 3350 mut.
510 3300 654 3352 nominum.
673 3302 690 3352 8
709 3299 854 3366 (158711.)
873 3296 917 3351 ἐπ’
938 3299 1048 3372 ἀγχόνην
1068 3295 1136 3371 piro,
1155 3295 1189 3351 ἵν’
1210 3298 1324 3368 θμιοιρὸς
1337 3302 1380 3352 aot
1392 3296 1566 3367 δυσκάθαρτος

204 3383 268 3452 μηδὲ
288 3382 424 3455 καθαρῷ
442 3382 566 3455 θανάτῳ
584 3384 730 3457 τελευτήσῃ.

275 3470 297 3536 ³)
323 3471 439 3538 Bemays
470 3472 548 3522 Uebsr
576 3474 622 3523 dos
651 3473 847 3539 Phokplideisebe
878 3471 981 3525 (dedicit
1010 3490 1077 3525 xxxv
1111 3472 1183 3541 [Ges.
1206 3473 1300 3525 Abhl
1330 3473 1377 3525 251
1392 3471 1456 3541 sq.];
1486 3471 1566 3536 Diels,

205 3557 297 3606 Archiv
310 3557 358 3622 βο
373 3559 459 3610 Geaoh.
480 3559 503 3608 d.
518 3558 580 3611 Phil.
597 3560 632 3612 lll
652 3560 747 3628 tlcsq.
775 3561 854 3613 hloriz
868 3559 984 3611 Schmidt
1005 3559 1057 3610 Der
1073 3559 1149 3624 Briej
1162 3561 1206 3610 des
1220 3561 1334 3610 Aristeus
1353 3557 1566 3624 (hlcrx's‘drchiv

204 3662 248 3694 zur
269 3643 326 3708 Erj.
345 3645 369 3695 d.
388 3644 462 3696 Atreo
484 3645 508 3695 Τ
506 3655 550 3697 eal.
570 3645 702 3713 111240)
724 3646 798 3699 1867.

277 3730 299 3796 ⁴)
320 3731 418 3784 Usener
435 3731 529 3783 Anecd.
549 3731 656 3783 Holderi
676 3733 741 3786 1877
762 3749 785 3800 p.
798 3731 844 3795 503
864 3733 979 3786 Boissicr
1015 3733 1052 3783 Le
1071 3734 1248 3784 christianismo
1269 3734 1297 3783 do
1316 3731 1393 3784 Boios
1412 3734 1440 3785 in
1458 3733 1572 3784 Journal

206 3816 252 3865 der
271 3827 374 3867 savants
395 3818 462 3871 1889
482 3834 505 3886 p.
520 3818 573 3871 450
591 3834 647 3887 sqq.

278 3901 299 3966 ⁵)
319 3903 403 3956 Zellor
421 3903 454 3957 G.
475 3906 519 3957 Ph.
540 3906 579 3957 V³
597 3905 648 3957 243
667 3921 721 3974 seq.

277 3989 296 4054 6)
319 3990 379 4043 Vita
393 3993 472 4044 liceis
491 3992 544 4045 115
565 3993 597 4056 (11
620 3991 667 4044 139
680 3993 723 4054 hl.)
742 3990 819 4044 δεινὸν
839 3991 993 4062 ἡγησάμενοθ
1012 4009 1076 4049 τινες
1095 3991 1116 4044 st
1134 3993 1157 4045 ol
1175 3993 1247 4061 νόμοι
1265 3996 1331 4064 παρὰ
1349 3995 1389 4063 τῷ
1400 3994 1485 4063 ἡμίσει
1502 3996 1568 4063 τμή-

207 4094 267 4144 ματι
279 4082 324 4129 τοῦ
337 4076 481 4150 ἀνθρώπων
493 4079 578 4147 γένους
591 4076 798 4146 ἐξιταοθίροονται
817 4080 886 4148 μόνῳ
900 4079 938 4148 τῷ
951 4078 1105 4150 βαρβαρικῷ,
1123 4077 1152 4130 τὸ
1165 4077 1192 4130 δὲ
1203 4076 1356 4149 Ἑλληνικὸν
1369 4081 1403 4139 εἰς
1416 4080 1482 4132 ἅπαν
1496 4082 1569 4148 ἀμοι-

207 4164 283 4232 ρήσει.
320 4164 632 4230 columniemur
656 4167 699 4228 li.)
718 4162 843 4235 Ἕλληνες
861 4165 925 4233 θροῦ
948 4166 991 4217 καὶ
1010 4165 1139 4235 βάρβαροι.
1175 4166 1214 4218 Gi.
1234 4167 1265 4218 de
1284 4167 1427 4234 losepboli
1452 4168 1486 4233 (ll
1511 4168 1569 4233 46),

210 4252 236 4303 ll
260 4255 308 4303 eto.
350 4250 460 4304 ludaeos
483 4253 564 4321 igitur
588 4253 632 4320 qni
657 4252 754 4305 Graece
777 4267 830 4303 non
853 4253 996 4319 loquuntur
1018 4253 1087 4304 inter
1110 4253 1233 4305 barbaros
1258 4253 1370 4320 relegat,
1401 4255 1480 4306 ceteri
1507 4270 1569 4306 voro

203 4332 327 4408 Ἕλληνες
351 4342 421 4390 sunt.
459 4338 498 4391 Ci.
518 4340 580 4392 Vita
603 4339 738 4406 losephti
761 4339 829 4407 παρὰ
854 4339 899 4406 μὲν
919 4334 1047 4408 Ἑβραίοις
1066 4334 1165 4408 Ἰωσὴφ
1189 4339 1301 4392 καλεῖται
1324 4341 1391 4408 παρὰ
1413 4339 1440 4392 bt
1460 4335 1570 4409 Ἕλλησι

208 4419 304 4492 Κυρίου
321 4420 436 4493 πρόθεσις
455 4429 481 4477 et
498 4426 530 4479 ds
548 4424 622 4478 Goni.
642 4425 706 4494 ling.
726 4424 759 4476 ic
774 4420 847 4478 Ἔστι
866 4423 892 4476 δὲ
912 4423 948 4482 ὡς
967 4426 1011 4494 μὶν
1030 4426 1053 4477 ο1
1071 4421 1185 4496 Ἑβραῖοι
1209 4425 1320 4496 λόγουσιν
1339 4424 1463 4493 conenit,
1487 4426 1522 4484 ὡς
1539 4425 1568 4479 θ’

208 4510 298 4579 ἡμεῖς
317 4510 462 4582 ἀποστροφὴ
481 4508 548 4565 θεοῦ.
