3532 5394
304 317 322 355 Χ
856 314 1110 368 Paousoouunn

304 483 370 549 Sed
386 484 553 552 Philonem
569 488 766 552 evolvamus.
814 486 886 551 Cito
902 486 1102 552 inveniemus
1119 486 1188 550 eius
1203 485 1244 550 de
1259 485 1328 550 deis
1345 485 1516 568 opiniones
1533 503 1665 566 prorsus

304 606 481 667 congruere
504 608 575 652 oum
609 588 689 653 libro
714 588 786 673 Περὶ
808 589 983 673 ἀφθαρσίας.
1035 588 1104 652 lllio
1127 586 1284 652 idolorum
1307 589 1425 652 cultum
1448 584 1609 670 improbat
1633 592 1665 650 et

305 696 472 771 poetarum
488 689 625 754 fabellas
652 690 751 755 reicit.
796 691 912 756 Nonne
933 690 986 754 hic
1007 710 1134 772 quoque
1157 688 1280 753 eisdem
1306 689 1412 755 vorbis
1431 689 1467 752 τὰ
1482 687 1665 773 χειρόκμητα

305 789 427 873 respuit
460 790 569 874 [4,17]
607 797 640 855 et
673 793 889 873 poboclacrdv
922 791 1092 857 mendacia
1128 790 1336 856 vehementer
1368 790 1535 874 impugnat
1568 788 1663 872 [las

305 912 372 974 sqq.
397 892 512 977 11,1]1
566 890 626 968 Qui
660 892 695 956 fit
728 892 834 976 igitur,
868 901 902 957 ut
935 894 1015 958 deos
1048 892 1214 957 nominare
1247 893 1385 958 eundem
1418 912 1483 957 nou
1518 890 1664 974 pudeat?

305 993 389 1058 Ecce
411 993 481 1076 ipse
503 994 536 1058 in
559 994 688 1076 dialogo
712 995 761 1059 De
784 994 988 1076 providentia
1012 993 1129 1081 [1141,
1152 992 1280 1059 Auclrer
1302 1014 1331 1076 p.
1350 991 1402 1079 16]
1431 1013 1503 1058 oum
1531 992 1662 1057 cosdem

303 1093 496 1176 invocasset,
520 1116 610 1159 suam
638 1095 730 1160 nobis
758 1103 896 1161 mentem
926 1095 1099 1179 explicavit
1124 1093 1190 1159 “Si
1215 1117 1294 1179 qaae
1314 1098 1351 1159 de
1380 1095 1526 1171 Vulcano,
1549 1092 1661 1177 inquit,

304 1196 442 1267 fabulose
462 1198 648 1281 rrpbruntcr,
671 1200 798 1261 reducas
819 1201 855 1260 in
876 1201 988 1282 ignem,
1010 1208 1038 1260 et
1059 1199 1142 1281 qaod
1161 1198 1197 1260 de
1213 1197 1330 1261 Iunone
1351 1198 1394 1260 ad
1408 1199 1488 1261 cercis
1502 1207 1661 1276 acturam,

304 1301 387 1383 qaod
408 1310 510 1362 uatem
531 1301 568 1363 dc
589 1300 743 1363 Mercrcrio
765 1302 808 1363 od
828 1302 978 1362 rationem
985 1324 995 1376 ,·
1026 1303 1106 1363 or'oat
1126 1301 1218 1362 etiam
1240 1311 1336 1363 cetero
1360 1321 1438 1384 quoe
1459 1302 1569 1384 cuique
1586 1319 1661 1383 pro·

301 1403 376 1486 pria
397 1412 476 1480 sant,
503 1403 546 1465 od
571 1403 707 1465 ordinem
735 1405 825 1465 iacta
853 1405 1013 1486 vestigium
1040 1395 1202 1486 tlreotopioe
1236 1403 1289 1486 [?],
1328 1413 1401 1465 tanc
1421 1401 1561 1485 profecto
1590 1422 1661 1485 poc-

303 1514 408 1566 tarum
430 1527 450 1566 a
473 1514 500 1567 tc
516 1504 615 1588 paulo
637 1515 708 1567 anto
729 1516 940 1568 αοιοωατωκιιιι
968 1504 1114 1567 laudator
1146 1506 1219 1584 cria,
1256 1515 1359 1590 utpote
1385 1507 1442 1589 qai
1466 1526 1532 1567 vere
1557 1505 1661 1566 decen-

303 1616 406 1690 terque
427 1604 606 1669 celebra-idat
628 1605 772 1668 laudibus
798 1605 1033 1688 divinitatem).
1079 1605 1166 1671 Sicut
1198 1606 1242 1669 ad
1264 1607 1448 1689 exemplum
1470 1605 1659 1689 Stoicorum,

304 1707 358 1788 qui
383 1708 555 1789 populares
578 1706 657 1772 deos
679 1708 842 1790 allegoriis
866 1706 945 1772 tueri
969 1706 1178 1790 conabantur,
1200 1707 1289 1789 vulgi
1307 1706 1489 1789 opinionem
1506 1707 1548 1770 ad
1571 1726 1661 1771 suam

301 1807 489 1889 religionem
504 1808 727 1873 accomodavit
742 1808 845 1892 Philo,
861 1809 908 1874 ita
923 1816 1082 1873 astrorum
1098 1809 1308 1891 divinitatem,
1332 1827 1499 1872 commune
1520 1808 1661 1872 omnium

301 1915 462 1973 sectarum
484 1919 614 1994 praeter·
629 1911 819 1993 Epicuream
843 1911 969 1992 dogma,
992 1910 1122 1975 admisit
1144 1918 1176 1977 et
1197 1910 1257 1975 boo
1277 1916 1402 1975 tantum
1426 1910 1559 1991 negavit
1574 1917 1662 1974 astra

302 2013 390 2076 solos
405 2031 477 2077 esse
500 2013 580 2078 deos
596 2020 628 2078 et
650 2020 684 2076 ut
706 2012 783 2077 dicit
805 2011 1035 2097 αὐτοκρατεῖς).
1072 2011 1205 2076 Caelum
1227 2011 1324 2094 igitur
1347 2012 1501 2093 templum
1524 2012 1660 2076 deorum

301 2112 474 2178 visibilium
497 2121 592 2179 vocat
603 2113 636 2197 ³),
660 2115 735 2197 quin
759 2121 882 2179 tantum
902 2113 1018 2178 Stoicis
1041 2113 1209 2197 concessit,
1233 2120 1267 2178 ut
1283 2113 1375 2195 Λόγον
1399 2111 1543 2177 divinum
1566 2113 1661 2179 inter·

299 2215 374 2279 dum
397 2215 526 2280 animae
548 2214 660 2280 mundi
684 2215 882 2298 adaequaret
891 2215 924 2297 ⁴).
970 2215 1110 2281 Iudaeus
1132 2215 1229 2297 igitur
1250 2215 1304 2298 qui
1327 2222 1393 2279 tam
1416 2214 1572 2280 audacter
1594 2214 1661 2298 plri-

300 2317 507 2400 losopborum
531 2318 685 2399 dogmata
711 2317 812 2382 veteri
841 2336 919 2381 suae
942 2318 1118 2401 κοσμογονίᾳ
1150 2317 1353 2400 immisceret,
1376 2336 1483 2380 nonne
1508 2317 1660 2382 mundum

301 2419 396 2483 doum
424 2438 487 2483 non
521 2418 707 2501 primarium
740 2426 774 2482 at
800 2419 931 2483 secundi
967 2419 1088 2484 ordinis
1121 2418 1229 2483 dicere
1263 2418 1387 2501 potuit?
1434 2418 1536 2483 Immo
1570 2418 1660 2483 dixit.

301 2520 383 2584 Nam
399 2519 432 2584 in
455 2520 536 2585 libro
553 2522 602 2585 De
625 2519 817 2602 migratione
833 2519 1008 2585 Abrabami
1030 2520 1072 2603 (o.
1089 2522 1140 2602 61,
1164 2520 1259 2585 1464
1273 2520 1331 2602 M.)
1356 2519 1540 2584 Chaldaeos
1561 2520 1662 2586 incre·

299 2628 365 2705 pat,
388 2641 453 2685 non
475 2622 550 2706 quia
565 2623 717 2686 muudum
741 2620 835 2686 deurn
861 2642 932 2686 asse
955 2621 1150 2687 crediderint
1176 2620 1234 2685 sed
1257 2621 1333 2703 quia
1356 2622 1458 2686 solum
1476 2628 1509 2686 et
1524 2622 1659 2705 primum

298 2723 404 2789 deum.
436 2721 524 2787 Οὗτοι
539 2725 587 2788 τὸν
600 2724 770 2809 φαινόμενον
786 2728 886 2787 τοῦτον
902 2725 1011 2808 κόσμον
1028 2725 1058 2787 ἐν
1075 2729 1134 2793 τοῖς
1149 2721 1229 2787 οὖσιν
1246 2722 1432 2806 όπετόπησαν
1448 2723 1520 2787 εἶναι
1536 2725 1623 2809 μόνον
1640 2727 1659 2810 ἦ

300 2826 369 2889 θεὸν
386 2824 454 2889 ὄντα
469 2826 555 2889 αὐτὸν
572 2826 590 2909 ἣ
607 2826 637 2888 ἐν
649 2826 729 2910 αὑτῷ
747 2825 815 2889 θεὸν
831 2827 1004 2912 περιέχοντα
1018 2829 1070 2910 τὴν
1086 2830 1143 2889 τῶν
1160 2824 1236 2889 όλων
1253 2827 1352 2911 ψυχήν
1369 2874 1376 2891 .
1395 2874 1402 2889 .
1419 2874 1426 2890 .
1458 2825 1566 2892 Moses
1582 2847 1660 2892 vero

372 3132 392 3199 ¹)
417 3132 454 3185 cf.
475 3132 511 3185 De
530 3132 616 3185 decem
636 3147 705 3184 orac.
727 3132 757 3183 11
777 3131 931 3197 (1119011.)
954 3132 1016 3184 Vita
1033 3133 1111 3185 llosia
1125 3131 1208 3185 11116
1227 3132 1348 3198 (11166).
1386 3132 1448 3200 Lag.
1468 3131 1509 3183 ad.
1523 3132 1561 3197 (1.,
1580 3148 1603 3185 c.
1619 3133 1659 3197 13,

300 3236 353 3287 seq.
372 3220 416 3273 ubi
437 3220 511 3287 quasi
531 3219 636 3271 deorum
655 3219 739 3272 cultor
758 3221 916 3287 impietatem
936 3221 995 3273 Gaii
1018 3222 1144 3286 increpat.
1186 3216 1225 3271 Gt.
1251 3217 1539 3287 ctiamDoagrio.27
1560 3219 1656 3286 (1316

297 3309 343 3373 11.)
362 3313 414 3358 τῶν
433 3304 508 3358 θυίων
521 3308 564 3358 καὶ
582 3305 713 3374 ὀλυμπίων
733 3306 769 3364 ῶς
787 3304 890 3377 ἀληθῶς
909 3307 1015 3375 ἀροτῶν.
1035 3335 1067 3343 -
1086 3304 1182 3358 Eadem
1199 3306 1301 3357 ratione
1319 3320 1350 3356 ac
1368 3305 1443 3357 Philo
1457 3305 1578 3372 Epicurei
1597 3306 1657 3360 deo-

297 3411 353 3445 rum
374 3394 524 3446 nominibus
543 3398 666 3455 utentum
687 3392 720 3445 cf.
739 3393 840 3446 Lucret.
862 3394 886 3447 Il
905 3394 957 3447 655
975 3394 1049 3445 alias.

368 3481 390 3546 ²)
411 3480 447 3532 De
466 3479 570 3532 Prorid.
588 3480 611 3531 11
626 3479 671 3531 101
689 3480 799 3545 (Euscb.
815 3481 836 3532 ll
850 3481 960 3546 64411.)
974 3478 1051 3537 θείαις
1069 3478 1168 3549 obesum
1180 3477 1253 3547 ἡλίου
1271 3479 1314 3529 καὶ
1332 3477 1445 3548 σελήνης.
1465 3479 1504 3531 Do
1523 3481 1655 3532 monarcb.

297 3569 308 3619 I
332 3569 341 3619 l
364 3568 399 3633 (ll
419 3566 469 3618 114
489 3567 535 3631 ll.)
555 3562 655 3623 Πάντας
674 3565 717 3618 οὖν
735 3569 794 3624 τοὺς
813 3563 872 3619 κατ’
893 3566 1006 3638 οὐρανόν,
1025 3567 1068 3624 ob:
1086 3564 1198 3635 αἴσθησις
1211 3565 1341 3617 ἐπισκοπεῖ
1358 3563 1431 3623 θεοὺς
1450 3564 1614 3636 αὺτοκρατιῖς
1627 3567 1656 3619 od

298 3655 427 3721 νομιστέον
446 3658 472 3705 et
489 3652 558 3705 inira
576 3654 646 3705 Deus
665 3651 696 3709 ὃς
713 3653 743 3705 οὺ
763 3654 840 3722 μόνον
859 3652 916 3714 θεὸς
936 3653 1003 3707 θεῶν
1022 3655 1074 3707 ἐστι
1092 3658 1191 3722 νοητῶν
1211 3670 1238 3704 τε
1257 3654 1300 3703 καὶ
1324 3649 1452 3720 αἰσθητῶν
1471 3650 1535 3704 ἀλλὰ
1555 3656 1657 3706 πάντων

297 3740 454 3812 δημιουργός.
491 3741 528 3792 De
547 3754 630 3790 somn.
649 3739 672 3791 ll
695 3739 725 3790 17
753 3740 846 3805 (1675
865 3741 910 3806 ll.)
930 3741 1027 3799 ωςτόν
1051 3738 1119 3792 θεῖον
1138 3739 1244 3808 στρατὸν
1263 3735 1427 3810 καθαιρήσων
1457 3737 1658 3810 [61.πιρίάφ1.

301 3826 396 3895 1411).
427 3829 468 3877 Dc
487 3825 583 3877 decem.
603 3840 670 3877 orac.
690 3826 720 3878 11
743 3826 856 3892 (11198)
874 3835 927 3885 τοῖς
945 3828 1067 3896 οὐρανίοις
1086 3828 1134 3893 (sc.
1148 3826 1283 3894 πλάνητες)
1303 3824 1319 3876 ἃ
1336 3825 1382 3894 τὴν
1400 3829 1445 3877 τοῦ
1464 3824 1535 3878 θείου
1554 3843 1657 3897 στρατυ·

297 3913 374 3966 τίδου
392 3910 461 3971 τάξιν
480 3911 600 3964 οόόίποτι
618 3912 704 3964 λείποι.
742 3914 778 3965 De
797 3912 896 3966 contus.
910 3915 992 3982 lingu.
1013 3913 1046 3966 34
1067 3913 1166 3979 (1431)
1185 3913 1295 3976 Quidam
1315 3913 1414 3964 caelum
1434 3917 1460 3964 et
1477 3912 1567 3965 stollas
1587 3913 1657 3965 obito

295 3999 449 4056 αίδεσθίντες
467 3996 540 4055 θεοὺς
558 3997 693 4050 ἐκάλεσαν·
717 3999 753 4051 ῶν
771 4000 818 4068 τἠν
837 4000 946 4052 ἐπίνοιαν
971 4001 1040 4068 (lego
1060 4002 1192 4067 ἀπόνοιαν)
1215 3998 1326 4050 κατιδὼν
1346 3994 1461 4066 Μωυσῆς
1481 4015 1543 4068 φησι
1560 3995 1656 4069 ’Κόρου

295 4087 378 4156 κόροι,
402 4084 501 4154 βασιλεῦ
520 4091 572 4137 τῶν
591 4082 666 4137 θεῶν’
692 4087 725 4143 εἰς
744 4085 843 4145 ἔνδειξιν
871 4090 917 4156 τῆς
935 4084 992 4156 παρ’
1013 4086 1141 4156 ὑπηκόους
1160 4087 1281 4158 ἄρχοντος
1300 4085 1431 4154 banacim
1461 4084 1493 4137 cl.
1514 4085 1546 4137 de
1566 4087 1655 4138 docem

295 4189 362 4227 orac.
384 4173 416 4224 13
435 4171 539 4240 ἀπονοίᾳ
558 4171 665 4241 τοσαότη
686 4173 822 4242 κέχρηνται
840 4192 864 4224 κ.
876 4192 898 4224 τ.
910 4173 932 4225 λ.
953 4179 979 4226 et
997 4181 1052 4226 not.
1072 4174 1097 4227 3.

365 4260 387 4325 ³)
406 4259 443 4311 Dc
457 4258 518 4325 opif.
533 4258 622 4310 mundi
637 4258 652 4308 1
671 4259 745 4324 [8,11
761 4258 847 4328 Cobn]
866 4257 933 4312 θεῶν
952 4261 1073 4330 ἐμφανῶν
1090 4279 1118 4312 τε
1137 4260 1180 4311 καὶ
1199 4258 1329 4329 αίσίλητῶν
1348 4257 1538 4326 ο1κος’ἔμιλλεν
1557 4258 1654 4312 ἕσασθαι

295 4347 430 4417 ἱερώτατος
448 4349 493 4410 (so.
513 4344 640 4414 οὐρανός);
659 4345 691 4398 of.
710 4347 747 4398 Dc
765 4348 896 4399 monarch.
916 4347 938 4398 ll
960 4348 971 4398 l
996 4347 1028 4411 (ll
1049 4345 1242 4412 11111.)σωυ
1263 4343 1395 4415 11ιρὶάρ11.
1415 4345 1489 4405 34,6.

364 4432 386 4497 ⁴)
406 4432 442 4484 De
461 4431 560 4500 profug.
581 4432 651 4484 cro
669 4430 769 4501 [1561]
790 4431 901 4484 tribanos
918 4431 946 4484 bt
965 4433 978 4484 ό
998 4432 1168 4502 πρεσβύτατος
1186 4437 1230 4484 τοῦ
1249 4431 1320 4489 ὄντος
1338 4431 1414 4500 λόγος
1438 4430 1474 4489 ῶς
1498 4431 1594 4503 ἐσθῆτα
1612 4432 1654 4485 τόν

292 4519 396 4588 κόσμον.
432 4519 495 4587 Leg.
515 4519 559 4571 all.
578 4519 587 4570 l
607 4518 640 4570 19
660 4519 682 4584 (l
702 4517 798 4583 1611.)
817 4519 833 4588 ν)
853 4518 898 4587 γὰρ
918 4524 971 4569 τῶν
991 4516 1057 4570 όλων
1077 4518 1148 4587 ψυχὴ
1168 4517 1225 4575 θοός
1243 4518 1294 4570 ἐστι
1313 4519 1379 4571 κατὰ
1398 4518 1503 4583 ἔννοιαν.
