3532 5394
568 1174 1070 1253 PROLEGOMENA

228 1460 382 1546 Philonis¹
400 1481 513 1546 ludaei
541 1481 628 1564 quod
657 1481 757 1548 fertur
784 1483 970 1567 opusculum
999 1481 1070 1567 Περὶ
1097 1480 1261 1566 ἀφθαρσίας
1287 1482 1400 1564 κόσμσυ
1428 1501 1501 1564 pos·

21 1596 26 1601 ’
140 1591 277 1648 tremum
293 1604 379 1648 anno
398 1584 481 1649 1876
496 1583 657 1649 recensuit
672 1583 809 1649 lacobus
824 1583 1065 1667 Bemayeius¹),
1087 1583 1141 1665 qui
1162 1581 1295 1648 editioni
1318 1602 1397 1647 suae
1420 1581 1501 1647 haec

138 1684 301 1767 inscripsit
324 1685 408 1765 „Die
428 1696 519 1748 anter·
541 1684 680 1748 Philon'o
707 1685 832 1750 Werkea
854 1685 990 1749 stsheade
1011 1683 1131 1768 Sclrrrfft
1152 1683 1225 1747 ribo·
1245 1683 1295 1746 die
1324 1681 1500 1747 Urtzerstdr··

139 1785 256 1850 certent
287 1787 338 1850 deu
374 1786 560 1850 Woltoltee“.
615 1788 665 1852 Ex
699 1809 761 1871 quo
795 1788 888 1853 titulo
922 1787 1134 1871 Bernaysium
1167 1785 1257 1849 illum
1291 1783 1407 1849 librum
1441 1806 1500 1869 pro

139 1888 279 1970 genuino
306 1910 373 1954 non
400 1888 552 1955 habuisse
580 1897 730 1973 apparet3
763 1909 823 1955 nec
851 1897 959 1954 tamen
987 1887 1148 1972 opinionis
1170 1905 1249 1951 suae
1271 1905 1403 1951 caussas
1425 1893 1502 1952 tunc

50 2058 57 2069 ,
142 1989 260 2072 publici
282 1989 361 2056 iuris
383 1988 500 2073 leoit¹).
545 1990 610 2056 Sed
633 1999 705 2073 post
728 1999 862 2057 mortem
884 1992 917 2055 in
940 1989 1071 2073 egregio
1094 1987 1334 2064 commentario,
1359 1987 1446 2070 quod
1468 1988 1501 2053 in

139 2090 268 2156 schedis
291 2092 359 2157 eius
381 2091 548 2157 inventum
571 2100 603 2157 et
619 2092 755 2159 Useneri
778 2113 855 2159 cura
877 2092 998 2157 editum
1018 2097 1068 2156 est
1077 2090 1111 2174 ³),
1134 2096 1325 2172 argumenta
1340 2089 1501 2172 quaedam

117 2212 254 2276 ‚sparsa
280 2193 503 2278 inveniuntur,
538 2193 653 2276 quibus
682 2193 904 2260 demonstrare
932 2201 1067 2260 conatur
1101 2192 1216 2258 librum
1249 2191 1346 2256 istum
1373 2191 1502 2256 Philoni

139 2294 388 2360 abiudioandum
416 2316 497 2361 esse.
547 2294 626 2361 Cum
655 2298 751 2379 paulo
785 2304 859 2379 post
886 2297 1032 2362 Zellerus
1059 2292 1229 2378 Beruaysii
1264 2293 1406 2358 rationes
1440 2292 1501 2357 sibi

140 2396 269 2479 probari
292 2396 456 2480 professus
478 2403 564 2464 esset
573 2397 613 2481 ⁴),
646 2397 774 2463 illorum
803 2398 945 2463 virorum
972 2395 1148 2462 auotoritas
1171 2401 1295 2459 tantum
1319 2394 1434 2479 valuit,
1469 2401 1504 2459 ut

140 2498 232 2581 quasi
255 2518 290 2564 re
312 2498 455 2564 iudicata
477 2500 562 2566 banc
584 2501 807 2583 quaestionem
830 2521 924 2567 nemo
954 2508 1068 2584 postea
1089 2497 1123 2561 in
1152 2495 1421 2579 disceptationem
1449 2518 1504 2562 ro·

139 2600 272 2684 caret⁸).
317 2601 384 2668 Sed
407 2601 606 2688 Bemaysius
628 2603 698 2686 ipse
720 2602 774 2685 qui
797 2621 870 2668 eam
893 2608 927 2666 ut
949 2604 1091 2686 πάρεργον
1114 2598 1280 2679 tractarit,
1304 2598 1504 2665 accuratiore

108 2726 112 2741 ¹
140 2723 221 2786 opus
249 2722 322 2768 esse
351 2702 574 2788 disquisitione
596 2704 651 2768 vix
674 2711 834 2786 negasset.
880 2701 983 2781 Quam
1007 2722 1068 2784 ego
1091 2721 1162 2766 cum
1185 2700 1415 2784 suscepissem,
1449 2700 1505 2765 im·

140 2804 254 2870 merito
283 2804 324 2870 de
350 2805 485 2887 antiqua
513 2804 705 2871 auctoritato
732 2804 911 2870 dubitatum
940 2823 1012 2869 esse
1039 2802 1184 2868 intellexi
1213 2810 1261 2879 et,
1291 2822 1361 2867 cum
1385 2803 1438 2867 vel
1461 2801 1505 2867 ad

140 2913 264 2972 textum
287 2906 382 2972 huius
404 2905 477 2970 libri
501 2906 759 2972 constituendum
780 2906 917 2989 intersit,
940 2904 1017 2988 quid
1039 2905 1071 2969 in
1095 2904 1157 2970 bae
1172 2905 1229 2970 lite
1244 2910 1415 2987 statuatur,
1438 2903 1505 2987 qui·

142 3008 200 3074 bus
223 3008 330 3074 causis
352 3008 396 3073 ad
423 3008 507 3073 bano
533 3009 726 3075 sententiam
753 3007 912 3073 adductus
938 3008 998 3072 sim
1026 3027 1077 3073 me
1105 3007 1157 3073 hio
1185 3006 1393 3090 proposuisse
1416 3005 1515 3070 haud'

141 3111 316 3177 absurdum
339 3130 435 3194 spero
458 3110 571 3245 videri.

214 3334 233 3397 l)
252 3334 315 3384 Aen.
335 3334 379 3382 der
391 3332 475 3383 Akad.
495 3332 540 3382 ‹ler
559 3332 632 3382 Wr'nr.
652 3350 681 3381 zu
699 3331 785 3383 Berlin
806 3331 872 3384 1876
892 3347 917 3399 p.
931 3330 1079 3384 soe—tte.
1099 3359 1130 3367 —
1149 3331 1227 3383 Hunc
1245 3329 1327 3383 tuisse
1347 3329 1424 3381 huius
1443 3328 1504 3381 libri

142 3421 246 3473 titulum
266 3436 314 3472 nee
334 3416 393 3490 ssepi
414 3423 461 3488 τῆς
478 3422 523 3470 τοῦ
547 3417 645 3485 κόσμου
663 3419 784 3488 renierus
806 3419 886 3487 (quod
906 3418 961 3471 cod.
981 3418 1111 3470 llediesus
1132 3418 1219 3480 habet)
1242 3417 1331 3485 primis
1354 3421 1381 3468 et
1404 3415 1504 3466 ultimis

142 3511 198 3561 eius
217 3508 306 3560 vorbis
323 3507 426 3574 probari
445 3507 497 3558 iam
516 3506 679 3573 Bernaysius
698 3506 735 3574 (p.
749 3504 812 3572 217)
830 3506 986 3558 observarit.
1029 3503 1177 3556 Notandum
1204 3508 1243 3556 est
1261 3503 1325 3554 illud
1352 3517 1455 3570 quoque
1474 3501 1503 3552 in

144 3591 204 3667 Πιρὶ
223 3592 363 3665 ἀφθαρσίας
381 3591 479 3660 κόσμου
502 3592 746 3673 υιίίσυΙιιιιι,ᾼιιιῐ
764 3594 792 3644 in
811 3591 896 3644 titulis
916 3590 1024 3645 Graecis
1043 3605 1099 3642 mos
1116 3594 1184 3653 erat,
1209 3591 1307 3651 omitti,
1333 3590 1360 3640 in
1381 3584 1438 3651 Περὶ
1459 3590 1504 3656 τῆς
1585 3580 1590 3587 ’

143 3685 187 3734 τσῦ
206 3681 305 3749 κόσμου
323 3680 444 3749 quaterue
462 3685 552 3733 contra
570 3696 645 3733 usum
671 3681 807 3748 antiquum
827 3679 896 3732 addi.
941 3678 1010 3731 llaec
1038 3678 1120 3745 igitur
1146 3677 1283 3744 posteriori
1313 3676 1390 3727 huius
1418 3675 1505 3742 operis

144 3770 211 3837 perti
231 3768 360 3837 inscripta
372 3767 462 3832 tuisse,
479 3771 510 3818 ut
528 3768 689 3834 Berneysius
708 3766 829 3830 coniecit,
848 3780 901 3818 non
920 3765 1005 3828 oredo,
1025 3764 1177 3832 praesertim
1197 3778 1256 3815 cum
1276 3765 1303 3814 in
1321 3762 1368 3814 illa
1387 3763 1456 3815 sieut
1476 3763 1504 3813 in

144 3858 238 3924 priore,
256 3869 311 3907 non
329 3854 360 3908 de
378 3856 455 3907 initio
470 3854 559 3907 mundi
579 3854 624 3907 sed
644 3855 699 3926 περὶ
717 3851 856 3924 ἀφθαρσίας
875 3851 983 3920 [44,·20]
1003 3855 1089 3904 sctum
1109 3851 1152 3903 sit.
1189 3850 1425 3918 Praescriptionem
1446 3845 1505 3919 ssepi

87 3934 93 3943 ’
143 3947 189 4013 τῆς
206 3945 252 3995 τοῦ
272 3961 298 3994 α.
312 3960 335 4011 ρ.
353 3942 484 3994 noviciam
497 3942 601 4009 opinor,
621 3957 635 3994 e
654 3942 739 3994 verbis
758 3942 858 3994 scilieet
871 3938 980 3992 Genesis
1000 3954 1026 4006 p.
1040 3936 1100 4002 6,18
1110 3954 1166 4005 sqq.
1185 3938 1298 3990 laudatis
1318 3940 1409 3989 ortam.
1440 3935 1504 3988 Cum

144 4031 212 4083 enirn
232 4028 307 4082 Philo
326 4028 410 4081 medio
429 4042 492 4080 aero
511 4031 541 4079 ut
560 4027 709 4095 Scripturas
727 4029 855 4096 interpres
878 4025 1047 4078 amonuchis
1064 4029 1198 4088 tereretur,
1224 4025 1266 4076 bic
1292 4024 1356 4077 liber
1380 4028 1504 4091 tanquam

144 4119 286 4187 primorum
306 4115 416 4169 Genesis
434 4129 554 4167 versuum
574 4117 776 4168 commentarius
795 4115 939 4181 inscriptus
958 4117 1005 4165 est.

215 4203 236 4270 ἵ)
260 4202 314 4255 Iam
342 4206 420 4254 newa
447 4199 584 4265 (Monutrb.
603 4201 627 4252 d.
648 4201 679 4253 B.
698 4203 747 4254 Ab.
770 4200 844 4263 1863,
863 4198 924 4261 341)
952 4198 1117 4251 Frdnlrelium
1146 4196 1376 4264 (Alexandriniscde
1399 4194 1504 4260 Schrift-

136 4291 277 4356 sorscdnnq
295 4305 320 4358 p.
334 4288 379 4354 33)
399 4291 504 4340 neurus
522 4287 697 4353 abiudicavit5
722 4288 755 4342 ci.
773 4287 842 4342 intra
859 4303 885 4355 p.
899 4303 927 4337 rx
945 4302 971 4337 n.
985 4285 1009 4337 2.

216 4376 237 4444 ¹)
257 4376 321 4428 Abit.
340 4375 385 4425 der
402 4375 485 4426 Akad.
504 4374 548 4424 der
572 4375 646 4428 Wiss.
664 4395 694 4426 aa
718 4375 803 4426 Berlin
823 4372 891 4426 1882
912 4390 937 4440 p.
953 4371 1045 4425 1—82.

189 4530 193 4538 Ι
215 4465 237 4528 ⁴)
254 4464 362 4517 Hermes
379 4460 443 4514 XVI
462 4459 555 4528 (1880)
574 4478 599 4530 p.
616 4461 664 4514 137
674 4478 746 4531 seqq.

218 4552 237 4614 ⁵)
257 4551 295 4605 Cf.
314 4550 372 4602 Von
391 4548 483 4602 Arnim
505 4546 638 4606 Quellenrt.
657 4568 687 4600 αα
706 4549 778 4601 Porto
797 4568 841 4601 oon
860 4546 1017 4599 Alexandria
1039 4544 1105 4597 1888
1124 4560 1149 4612 p.
1166 4544 1239 4596 1-2.

197 4657 297 4705 eumont,
311 4657 374 4697 Pullo
387 4646 424 4694 11.
438 4646 581 4707 αφθαρσίας
1284 4633 1301 4694 1
