<?xml version="1.0" encoding="UTF-8"?>
<!DOCTYPE html PUBLIC "-//W3C//DTD XHTML 1.0 Transitional//EN"
    "http://www.w3.org/TR/xhtml1/DTD/xhtml1-transitional.dtd">
<html xmlns="http://www.w3.org/1999/xhtml" xml:lang="en" lang="en">
 <head>
  <title>
</title>
<meta http-equiv="Content-Type" content="text/html;charset=utf-8" />
  <meta name='ocr-system' content='tesseract 3.04.00' />
  <meta name='ocr-capabilities' content='ocr_page ocr_carea ocr_par ocr_line ocrx_word'/>
</head>
<body>
  <div class='ocr_page' id='page_1' title='image "./deaeternitatemu00philgoog_0033.png"; bbox 0 0 3532 5394; ppageno 0'>
   <div class='ocr_carea' id='block_1_1' title="bbox 302 353 1112 408">
    <p class='ocr_par' dir='ltr' id='par_1_1' title="bbox 302 353 1112 408">
     <span class='ocr_line' id='line_1_1' title="bbox 302 353 1112 408; baseline -0.005 3"><span class='ocrx_word' id='word_1_1' title='bbox 302 357 340 395; x_wconf 75' lang='lat'>¹¹</span> <span class='ocrx_word' id='word_1_2' title='bbox 858 353 1112 408; x_wconf 74' lang='lat' dir='ltr'>Psouaeouaua</span> 
     </span>
    </p>
   </div>
   <div class='ocr_carea' id='block_1_2' title="bbox 302 525 1663 611">
    <p class='ocr_par' dir='ltr' id='par_1_2' title="bbox 302 525 1663 611">
     <span class='ocr_line' id='line_1_2' title="bbox 302 525 1663 611; baseline 0.001 -23"><span class='ocrx_word' id='word_1_3' title='bbox 302 526 396 611; x_wconf 79' lang='grc' dir='ltr'><strong>χοροί,</strong></span> <span class='ocrx_word' id='word_1_4' title='bbox 420 525 632 610; x_wconf 83' lang='grc' dir='ltr'><strong>στρατεύματα;</strong></span> <span class='ocrx_word' id='word_1_5' title='bbox 656 527 752 604; x_wconf 84' lang='grc'><strong>19,11</strong></span> <span class='ocrx_word' id='word_1_6' title='bbox 780 527 820 609; x_wconf 84' lang='grc' dir='ltr'>μὴ</span> <span class='ocrx_word' id='word_1_7' title='bbox 845 527 960 611; x_wconf 79' lang='grc' dir='ltr'>βρέφος,</span> <span class='ocrx_word' id='word_1_8' title='bbox 983 527 1024 609; x_wconf 81' lang='grc' dir='ltr'>μὴ</span> <span class='ocrx_word' id='word_1_9' title='bbox 1044 529 1122 599; x_wconf 84' lang='grc' dir='ltr'><strong>παῖς,</strong></span> <span class='ocrx_word' id='word_1_10' title='bbox 1146 526 1187 608; x_wconf 81' lang='grc' dir='ltr'>μὴ</span> <span class='ocrx_word' id='word_1_11' title='bbox 1204 527 1366 610; x_wconf 70' lang='grc' dir='ltr'><strong>μειράκιονς</strong></span> <span class='ocrx_word' id='word_1_12' title='bbox 1388 526 1487 607; x_wconf 81' lang='lat'>20,19</span> <span class='ocrx_word' id='word_1_13' title='bbox 1509 526 1663 609; x_wconf 67' lang='grc' dir='ltr'><strong>αἰγείρους,</strong></span> 
     </span>
    </p>
   </div>
   <div class='ocr_carea' id='block_1_3' title="bbox 302 618 1764 712">
    <p class='ocr_par' dir='ltr' id='par_1_3' title="bbox 302 618 1764 712">
     <span class='ocr_line' id='line_1_3' title="bbox 302 618 1764 712; baseline 0.001 -22"><span class='ocrx_word' id='word_1_14' title='bbox 302 628 433 711; x_wconf 81' lang='grc' dir='ltr'><strong>κέδρους,</strong></span> <span class='ocrx_word' id='word_1_15' title='bbox 458 629 576 710; x_wconf 82' lang='grc' dir='ltr'><strong>πεύκας,</strong></span> <span class='ocrx_word' id='word_1_16' title='bbox 598 628 716 712; x_wconf 69' lang='grc' dir='ltr'><strong>ἐλάτας,</strong></span> <span class='ocrx_word' id='word_1_17' title='bbox 749 629 849 711; x_wconf 80' lang='lat'>23,19</span> <span class='ocrx_word' id='word_1_18' title='bbox 871 627 970 708; x_wconf 83' lang='grc' dir='ltr'><strong>νόσον,</strong></span> <span class='ocrx_word' id='word_1_19' title='bbox 992 634 1098 712; x_wconf 63' lang='grc' dir='ltr'><strong>γῆρας,</strong></span> <span class='ocrx_word' id='word_1_20' title='bbox 1121 625 1243 710; x_wconf 79' lang='grc' dir='ltr'><strong>ἔνδειαν;</strong></span> <span class='ocrx_word' id='word_1_21' title='bbox 1274 628 1373 711; x_wconf 75' lang='grc'><strong>29,23</strong></span> <span class='ocrx_word' id='word_1_22' title='bbox 1396 627 1449 692; x_wconf 79' lang='grc' dir='ltr'>οὐκ</span> <span class='ocrx_word' id='word_1_23' title='bbox 1472 625 1605 704; x_wconf 85' lang='grc' dir='ltr'><strong>ἔλαττον,</strong></span> <span class='ocrx_word' id='word_1_24' title='bbox 1628 628 1663 692; x_wconf 82' lang='grc' dir='ltr'>οὒ</span> <span class='ocrx_word' id='word_1_25' title='bbox 1760 618 1764 632; x_wconf 72' lang='grc'>’</span> 
     </span>
    </p>
   </div>
   <div class='ocr_carea' id='block_1_4' title="bbox 295 728 1664 2648">
    <p class='ocr_par' dir='ltr' id='par_1_4' title="bbox 303 728 977 814">
     <span class='ocr_line' id='line_1_4' title="bbox 303 728 977 814; baseline 0.007 -22"><span class='ocrx_word' id='word_1_26' title='bbox 303 734 414 814; x_wconf 72' lang='lat' dir='ltr'>priter,</span> <span class='ocrx_word' id='word_1_27' title='bbox 437 728 477 794; x_wconf 87' lang='lat' dir='ltr'>cf.</span> <span class='ocrx_word' id='word_1_28' title='bbox 492 730 589 813; x_wconf 79' lang='lat'>24,11</span> <span class='ocrx_word' id='word_1_29' title='bbox 614 749 681 812; x_wconf 87' lang='lat' dir='ltr'>seq.</span> <span class='ocrx_word' id='word_1_30' title='bbox 705 731 804 813; x_wconf 80' lang='lat'>35,14</span> <span class='ocrx_word' id='word_1_31' title='bbox 826 749 892 812; x_wconf 89' lang='lat' dir='ltr'>seq.</span> <span class='ocrx_word' id='word_1_32' title='bbox 916 739 977 797; x_wconf 90' lang='lat' dir='ltr'>etc.</span> 
     </span>
    </p>

    <p class='ocr_par' dir='ltr' id='par_1_5' title="bbox 300 830 1664 1222">
     <span class='ocr_line' id='line_1_5' title="bbox 387 830 1664 914; baseline 0 -18"><span class='ocrx_word' id='word_1_33' title='bbox 387 831 550 896; x_wconf 90' lang='lat' dir='ltr'>Particula</span> <span class='ocrx_word' id='word_1_34' title='bbox 571 855 603 894; x_wconf 80' lang='grc' dir='ltr'>τι</span> <span class='ocrx_word' id='word_1_35' title='bbox 624 851 688 896; x_wconf 91' lang='lat' dir='ltr'>non</span> <span class='ocrx_word' id='word_1_36' title='bbox 711 832 815 896; x_wconf 92' lang='lat' dir='ltr'>solum</span> <span class='ocrx_word' id='word_1_37' title='bbox 837 831 880 895; x_wconf 91' lang='lat' dir='ltr'>ad</span> <span class='ocrx_word' id='word_1_38' title='bbox 895 830 1023 913; x_wconf 83' lang='lat' dir='ltr'>singula</span> <span class='ocrx_word' id='word_1_39' title='bbox 1041 831 1212 914; x_wconf 89' lang='lat' dir='ltr'>vocabula,</span> <span class='ocrx_word' id='word_1_40' title='bbox 1236 831 1293 897; x_wconf 87' lang='lat' dir='ltr'>sed</span> <span class='ocrx_word' id='word_1_41' title='bbox 1309 831 1405 897; x_wconf 88' lang='lat' dir='ltr'>etiam</span> <span class='ocrx_word' id='word_1_42' title='bbox 1422 831 1464 895; x_wconf 92' lang='lat' dir='ltr'>ad</span> <span class='ocrx_word' id='word_1_43' title='bbox 1480 837 1549 896; x_wconf 90' lang='lat' dir='ltr'>tota</span> <span class='ocrx_word' id='word_1_44' title='bbox 1565 850 1664 897; x_wconf 87' lang='lat' dir='ltr'>enun-</span> 
     </span>
     <span class='ocr_line' id='line_1_6' title="bbox 300 931 1664 1015; baseline 0.001 -17"><span class='ocrx_word' id='word_1_45' title='bbox 300 933 381 998; x_wconf 91' lang='lat' dir='ltr'>tiata</span> <span class='ocrx_word' id='word_1_46' title='bbox 402 933 567 1015; x_wconf 81' lang='lat' dir='ltr'>iungenda</span> <span class='ocrx_word' id='word_1_47' title='bbox 588 932 757 998; x_wconf 83' lang='lat' dir='ltr'><strong>Philonem</strong></span> <span class='ocrx_word' id='word_1_48' title='bbox 781 952 872 996; x_wconf 91' lang='lat' dir='ltr'>usum</span> <span class='ocrx_word' id='word_1_49' title='bbox 896 951 969 998; x_wconf 90' lang='lat' dir='ltr'>esse</span> <span class='ocrx_word' id='word_1_50' title='bbox 991 939 1082 998; x_wconf 89' lang='lat' dir='ltr'>notat</span> <span class='ocrx_word' id='word_1_51' title='bbox 1110 932 1264 998; x_wconf 83' lang='lat' dir='ltr'>Cohnius.</span> <span class='ocrx_word' id='word_1_52' title='bbox 1313 932 1436 998; x_wconf 82' lang='lat' dir='ltr'>Eadem</span> <span class='ocrx_word' id='word_1_53' title='bbox 1464 931 1591 999; x_wconf 89' lang='lat' dir='ltr'>ratione</span> <span class='ocrx_word' id='word_1_54' title='bbox 1619 933 1664 999; x_wconf 88' lang='lat' dir='ltr'>le·</span> 
     </span>
     <span class='ocr_line' id='line_1_7' title="bbox 300 1033 1662 1120; baseline 0 -21"><span class='ocrx_word' id='word_1_55' title='bbox 300 1035 404 1117; x_wconf 81' lang='lat' dir='ltr'>gimue</span> <span class='ocrx_word' id='word_1_56' title='bbox 426 1055 458 1119; x_wconf 88' lang='lat' dir='ltr'>p.</span> <span class='ocrx_word' id='word_1_57' title='bbox 474 1035 553 1117; x_wconf 88' lang='lat'>4,19</span> <span class='ocrx_word' id='word_1_58' title='bbox 576 1033 658 1117; x_wconf 77' lang='grc' dir='ltr'>ἔλεγέ</span> <span class='ocrx_word' id='word_1_59' title='bbox 680 1059 721 1112; x_wconf 87' lang='grc' dir='ltr'><strong>τε,</strong></span> <span class='ocrx_word' id='word_1_60' title='bbox 744 1039 785 1104; x_wconf 84' lang='grc' dir='ltr'>ὡς</span> <span class='ocrx_word' id='word_1_61' title='bbox 807 1033 883 1098; x_wconf 84' lang='grc' dir='ltr'><strong>ἔστιν</strong></span> <span class='ocrx_word' id='word_1_62' title='bbox 906 1035 1038 1113; x_wconf 79' lang='grc' dir='ltr'><strong>ἀκούειν,</strong></span> <span class='ocrx_word' id='word_1_63' title='bbox 1060 1039 1299 1119; x_wconf 78' lang='grc' dir='ltr'><strong>κατακερτομῶν,</strong></span> <span class='ocrx_word' id='word_1_64' title='bbox 1332 1055 1363 1117; x_wconf 89' lang='lat' dir='ltr'>p.</span> <span class='ocrx_word' id='word_1_65' title='bbox 1379 1035 1481 1117; x_wconf 77' lang='lat'><strong>23‚20</strong></span> <span class='ocrx_word' id='word_1_66' title='bbox 1503 1035 1662 1120; x_wconf 77' lang='grc' dir='ltr'><strong>πεπηγέναι</strong></span> 
     </span>
     <span class='ocr_line' id='line_1_8' title="bbox 300 1137 1444 1222; baseline 0.001 -22"><span class='ocrx_word' id='word_1_67' title='bbox 300 1161 331 1200; x_wconf 83' lang='grc' dir='ltr'><strong>τε</strong></span> <span class='ocrx_word' id='word_1_68' title='bbox 344 1185 352 1201; x_wconf 92' lang='grc'><strong>.</strong></span> <span class='ocrx_word' id='word_1_69' title='bbox 367 1184 395 1201; x_wconf 90' lang='grc'>..</span> <span class='ocrx_word' id='word_1_70' title='bbox 419 1142 609 1221; x_wconf 81' lang='grc' dir='ltr'><strong>κατακρατεῖν</strong></span> <span class='ocrx_word' id='word_1_71' title='bbox 631 1161 726 1201; x_wconf 80' lang='grc' dir='ltr'><strong>τε...</strong></span> <span class='ocrx_word' id='word_1_72' title='bbox 750 1137 980 1220; x_wconf 82' lang='grc' dir='ltr'><strong>αόταρκέστατόν</strong></span> <span class='ocrx_word' id='word_1_73' title='bbox 1002 1161 1045 1214; x_wconf 85' lang='grc' dir='ltr'><strong>τε,</strong></span> <span class='ocrx_word' id='word_1_74' title='bbox 1068 1138 1145 1220; x_wconf 82' lang='grc'><strong>36,5</strong></span> <span class='ocrx_word' id='word_1_75' title='bbox 1168 1138 1386 1222; x_wconf 75' lang='grc' dir='ltr'><strong>όπαργάζεσθαί</strong></span> <span class='ocrx_word' id='word_1_76' title='bbox 1404 1160 1444 1202; x_wconf 83' lang='grc' dir='ltr'><strong>τε.</strong></span> 
     </span>
    </p>

    <p class='ocr_par' dir='ltr' id='par_1_6' title="bbox 299 1238 1661 1734">
     <span class='ocr_line' id='line_1_9' title="bbox 386 1238 1661 1324; baseline 0.002 -19"><span class='ocrx_word' id='word_1_77' title='bbox 386 1241 533 1323; x_wconf 86' lang='lat' dir='ltr'>Denique</span> <span class='ocrx_word' id='word_1_78' title='bbox 567 1240 802 1306; x_wconf 89' lang='lat' dir='ltr'>observandum</span> <span class='ocrx_word' id='word_1_79' title='bbox 836 1239 870 1305; x_wconf 90' lang='lat' dir='ltr'>in</span> <span class='ocrx_word' id='word_1_80' title='bbox 903 1238 984 1305; x_wconf 90' lang='lat' dir='ltr'>libro</span> <span class='ocrx_word' id='word_1_81' title='bbox 1014 1238 1085 1324; x_wconf 80' lang='grc' dir='ltr'><strong>Περὶ</strong></span> <span class='ocrx_word' id='word_1_82' title='bbox 1115 1239 1280 1324; x_wconf 76' lang='grc' dir='ltr'><strong>ἀφθαρσίας</strong></span> <span class='ocrx_word' id='word_1_83' title='bbox 1305 1239 1421 1321; x_wconf 84' lang='lat' dir='ltr'>longas</span> <span class='ocrx_word' id='word_1_84' title='bbox 1447 1245 1480 1304; x_wconf 91' lang='lat' dir='ltr'>et</span> <span class='ocrx_word' id='word_1_85' title='bbox 1506 1241 1661 1307; x_wconf 89' lang='lat' dir='ltr'>molestas</span> 
     </span>
     <span class='ocr_line' id='line_1_10' title="bbox 300 1341 1660 1427; baseline -0.002 -18"><span class='ocrx_word' id='word_1_86' title='bbox 300 1343 451 1427; x_wconf 78' lang='lat' dir='ltr'>periodos</span> <span class='ocrx_word' id='word_1_87' title='bbox 465 1341 602 1408; x_wconf 89' lang='lat' dir='ltr'>inveniri</span> <span class='ocrx_word' id='word_1_88' title='bbox 617 1343 791 1426; x_wconf 81' lang='lat'>(5,18—6.</span> <span class='ocrx_word' id='word_1_89' title='bbox 803 1343 837 1426; x_wconf 73' lang='lat'>73</span> <span class='ocrx_word' id='word_1_90' title='bbox 860 1341 1081 1426; x_wconf 74' lang='lat'>20,8-21,2;</span> <span class='ocrx_word' id='word_1_91' title='bbox 1103 1342 1349 1425; x_wconf 58' lang='lat' dir='ltr'>etat-322)</span> <span class='ocrx_word' id='word_1_92' title='bbox 1364 1349 1397 1406; x_wconf 88' lang='lat' dir='ltr'>ot</span> <span class='ocrx_word' id='word_1_93' title='bbox 1411 1341 1660 1407; x_wconf 88' lang='lat' dir='ltr'>concinnitatem</span> 
     </span>
     <span class='ocr_line' id='line_1_11' title="bbox 299 1443 1661 1527; baseline -0.001 -16"><span class='ocrx_word' id='word_1_94' title='bbox 299 1446 435 1512; x_wconf 78' lang='lat' dir='ltr'>subinde</span> <span class='ocrx_word' id='word_1_95' title='bbox 458 1445 600 1511; x_wconf 91' lang='lat' dir='ltr'>chiasmo</span> <span class='ocrx_word' id='word_1_96' title='bbox 624 1445 769 1510; x_wconf 91' lang='lat' dir='ltr'>adhibito</span> <span class='ocrx_word' id='word_1_97' title='bbox 793 1445 939 1510; x_wconf 90' lang='lat' dir='ltr'>consulto</span> <span class='ocrx_word' id='word_1_98' title='bbox 962 1443 1105 1527; x_wconf 89' lang='lat' dir='ltr'>turbare,</span> <span class='ocrx_word' id='word_1_99' title='bbox 1134 1463 1175 1509; x_wconf 88' lang='lat' dir='ltr'>no</span> <span class='ocrx_word' id='word_1_100' title='bbox 1197 1443 1292 1507; x_wconf 90' lang='lat' dir='ltr'>nimis</span> <span class='ocrx_word' id='word_1_101' title='bbox 1320 1443 1422 1509; x_wconf 92' lang='lat' dir='ltr'>oratio</span> <span class='ocrx_word' id='word_1_102' title='bbox 1450 1444 1661 1526; x_wconf 82' lang='lat' dir='ltr'>languescere</span> 
     </span>
     <span class='ocr_line' id='line_1_12' title="bbox 300 1543 1661 1631; baseline -0.001 -18"><span class='ocrx_word' id='word_1_103' title='bbox 300 1548 459 1631; x_wconf 79' lang='lat' dir='ltr'>videatur3</span> <span class='ocrx_word' id='word_1_104' title='bbox 494 1546 533 1612; x_wconf 85' lang='lat' dir='ltr'>ci.</span> <span class='ocrx_word' id='word_1_105' title='bbox 561 1569 592 1630; x_wconf 89' lang='lat' dir='ltr'>p.</span> <span class='ocrx_word' id='word_1_106' title='bbox 614 1547 713 1630; x_wconf 82' lang='lat'>4,20;</span> <span class='ocrx_word' id='word_1_107' title='bbox 741 1547 855 1629; x_wconf 81' lang='lat'>24,14.</span> <span class='ocrx_word' id='word_1_108' title='bbox 905 1543 1047 1623; x_wconf 82' lang='lat' dir='ltr'>Quorum</span> <span class='ocrx_word' id='word_1_109' title='bbox 1076 1547 1225 1631; x_wconf 90' lang='lat' dir='ltr'>exempla</span> <span class='ocrx_word' id='word_1_110' title='bbox 1255 1546 1415 1630; x_wconf 79' lang='lat' dir='ltr'><strong>quaedam</strong></span> <span class='ocrx_word' id='word_1_111' title='bbox 1441 1544 1474 1609; x_wconf 95' lang='lat' dir='ltr'>in</span> <span class='ocrx_word' id='word_1_112' title='bbox 1509 1545 1661 1611; x_wconf 80' lang='lat' dir='ltr'>extremis</span> 
     </span>
     <span class='ocr_line' id='line_1_13' title="bbox 299 1647 1115 1734; baseline 0 -21"><span class='ocrx_word' id='word_1_113' title='bbox 299 1649 538 1734; x_wconf 82' lang='lat' dir='ltr'>prolegomenis</span> <span class='ocrx_word' id='word_1_114' title='bbox 561 1647 704 1713; x_wconf 85' lang='lat' dir='ltr'>Cohnius</span> <span class='ocrx_word' id='word_1_115' title='bbox 727 1667 853 1731; x_wconf 91' lang='lat' dir='ltr'>quoque</span> <span class='ocrx_word' id='word_1_116' title='bbox 876 1655 1115 1713; x_wconf 88' lang='lat' dir='ltr'>commemorat.</span> 
     </span>
    </p>

    <p class='ocr_par' dir='ltr' id='par_1_7' title="bbox 295 1747 1660 2648">
     <span class='ocr_line' id='line_1_14' title="bbox 383 1747 1659 1834; baseline -0.002 -18"><span class='ocrx_word' id='word_1_117' title='bbox 383 1750 448 1816; x_wconf 87' lang='lat' dir='ltr'>Sed</span> <span class='ocrx_word' id='word_1_118' title='bbox 480 1751 534 1816; x_wconf 91' lang='lat' dir='ltr'>vel</span> <span class='ocrx_word' id='word_1_119' title='bbox 567 1750 652 1814; x_wconf 89' lang='lat' dir='ltr'>ultra</span> <span class='ocrx_word' id='word_1_120' title='bbox 685 1749 765 1815; x_wconf 88' lang='lat' dir='ltr'>fines</span> <span class='ocrx_word' id='word_1_121' title='bbox 799 1748 1008 1833; x_wconf 87' lang='lat' dir='ltr'>praefationis</span> <span class='ocrx_word' id='word_1_122' title='bbox 1031 1747 1219 1815; x_wconf 85' lang='lat' dir='ltr'>Cohnianae</span> <span class='ocrx_word' id='word_1_123' title='bbox 1252 1750 1429 1833; x_wconf 88' lang='lat' dir='ltr'>procedere</span> <span class='ocrx_word' id='word_1_124' title='bbox 1462 1749 1551 1834; x_wconf 77' lang='lat' dir='ltr'>lieet,</span> <span class='ocrx_word' id='word_1_125' title='bbox 1583 1768 1659 1815; x_wconf 91' lang='lat' dir='ltr'>uam</span> 
     </span>
     <span class='ocr_line' id='line_1_15' title="bbox 298 1850 1658 1935; baseline -0.001 -18"><span class='ocrx_word' id='word_1_126' title='bbox 298 1853 408 1918; x_wconf 90' lang='lat' dir='ltr'>nescio</span> <span class='ocrx_word' id='word_1_127' title='bbox 431 1872 494 1934; x_wconf 89' lang='lat' dir='ltr'>quo</span> <span class='ocrx_word' id='word_1_128' title='bbox 510 1858 606 1935; x_wconf 90' lang='lat' dir='ltr'>pacto</span> <span class='ocrx_word' id='word_1_129' title='bbox 628 1851 661 1915; x_wconf 93' lang='lat' dir='ltr'>in</span> <span class='ocrx_word' id='word_1_130' title='bbox 686 1870 783 1934; x_wconf 90' lang='lat' dir='ltr'>opere</span> <span class='ocrx_word' id='word_1_131' title='bbox 805 1851 947 1932; x_wconf 89' lang='lat' dir='ltr'>alioquin</span> <span class='ocrx_word' id='word_1_132' title='bbox 970 1850 1210 1916; x_wconf 87' lang='lat' dir='ltr'>accuratissimo</span> <span class='ocrx_word' id='word_1_133' title='bbox 1233 1857 1266 1917; x_wconf 88' lang='lat' dir='ltr'>et</span> <span class='ocrx_word' id='word_1_134' title='bbox 1288 1850 1539 1933; x_wconf 86' lang='lat' dir='ltr'>locupletissimo</span> <span class='ocrx_word' id='word_1_135' title='bbox 1561 1871 1658 1916; x_wconf 91' lang='lat' dir='ltr'>unum</span> 
     </span>
     <span class='ocr_line' id='line_1_16' title="bbox 297 1951 1658 2037; baseline -0.001 -19"><span class='ocrx_word' id='word_1_136' title='bbox 297 1953 486 2037; x_wconf 81' lang='lat' dir='ltr'>neglexerit,</span> <span class='ocrx_word' id='word_1_137' title='bbox 509 1952 595 2037; x_wconf 90' lang='lat' dir='ltr'>quod</span> <span class='ocrx_word' id='word_1_138' title='bbox 610 1952 662 2019; x_wconf 90' lang='lat' dir='ltr'>vel</span> <span class='ocrx_word' id='word_1_139' title='bbox 684 1952 727 2016; x_wconf 92' lang='lat' dir='ltr'>ad</span> <span class='ocrx_word' id='word_1_140' title='bbox 742 1958 864 2018; x_wconf 88' lang='lat' dir='ltr'>textum</span> <span class='ocrx_word' id='word_1_141' title='bbox 880 1952 1103 2033; x_wconf 81' lang='lat' dir='ltr'>corrigendum</span> <span class='ocrx_word' id='word_1_142' title='bbox 1117 1973 1182 2017; x_wconf 91' lang='lat' dir='ltr'>non</span> <span class='ocrx_word' id='word_1_143' title='bbox 1197 1953 1318 2017; x_wconf 90' lang='lat' dir='ltr'>minimi</span> <span class='ocrx_word' id='word_1_144' title='bbox 1334 1951 1487 2017; x_wconf 84' lang='lat' dir='ltr'>momenti</span> <span class='ocrx_word' id='word_1_145' title='bbox 1502 1951 1616 2017; x_wconf 86' lang='lat' dir='ltr'>fuisset</span> <span class='ocrx_word' id='word_1_146' title='bbox 1624 1952 1658 2036; x_wconf 86' lang='lat'>¹),</span> 
     </span>
     <span class='ocr_line' id='line_1_17' title="bbox 298 2053 1659 2138; baseline 0.001 -19"><span class='ocrx_word' id='word_1_147' title='bbox 298 2061 456 2138; x_wconf 90' lang='lat' dir='ltr'>quatenus</span> <span class='ocrx_word' id='word_1_148' title='bbox 479 2055 572 2120; x_wconf 92' lang='lat' dir='ltr'>Philo</span> <span class='ocrx_word' id='word_1_149' title='bbox 595 2054 718 2118; x_wconf 90' lang='lat' dir='ltr'>hiatum</span> <span class='ocrx_word' id='word_1_150' title='bbox 740 2053 907 2120; x_wconf 81' lang='lat' dir='ltr'>admiserit</span> <span class='ocrx_word' id='word_1_151' title='bbox 929 2073 1094 2136; x_wconf 87' lang='lat' dir='ltr'>quaerere.</span> <span class='ocrx_word' id='word_1_152' title='bbox 1149 2053 1242 2132; x_wconf 82' lang='lat' dir='ltr'>Quod</span> <span class='ocrx_word' id='word_1_153' title='bbox 1269 2075 1340 2120; x_wconf 91' lang='lat' dir='ltr'>oum</span> <span class='ocrx_word' id='word_1_154' title='bbox 1364 2055 1434 2119; x_wconf 93' lang='lat' dir='ltr'>eius</span> <span class='ocrx_word' id='word_1_155' title='bbox 1459 2056 1529 2120; x_wconf 90' lang='lat' dir='ltr'>loeo</span> <span class='ocrx_word' id='word_1_156' title='bbox 1552 2054 1659 2120; x_wconf 81' lang='lat' dir='ltr'>iesse·</span> 
     </span>
     <span class='ocr_line' id='line_1_18' title="bbox 297 2155 1659 2240; baseline -0.001 -18"><span class='ocrx_word' id='word_1_157' title='bbox 297 2178 357 2222; x_wconf 91' lang='lat' dir='ltr'>nus</span> <span class='ocrx_word' id='word_1_158' title='bbox 379 2176 481 2240; x_wconf 92' lang='lat' dir='ltr'>nuper</span> <span class='ocrx_word' id='word_1_159' title='bbox 504 2155 645 2238; x_wconf 87' lang='lat' dir='ltr'>iecisset,</span> <span class='ocrx_word' id='word_1_160' title='bbox 668 2155 809 2221; x_wconf 87' lang='lat' dir='ltr'>ostendit</span> <span class='ocrx_word' id='word_1_161' title='bbox 832 2155 1000 2220; x_wconf 93' lang='lat' dir='ltr'>Philonem</span> <span class='ocrx_word' id='word_1_162' title='bbox 1023 2163 1089 2220; x_wconf 91' lang='lat' dir='ltr'>tam</span> <span class='ocrx_word' id='word_1_163' title='bbox 1112 2156 1283 2238; x_wconf 82' lang='lat' dir='ltr'>diligenter</span> <span class='ocrx_word' id='word_1_164' title='bbox 1305 2158 1338 2221; x_wconf 91' lang='lat' dir='ltr'>in</span> <span class='ocrx_word' id='word_1_165' title='bbox 1361 2156 1489 2240; x_wconf 89' lang='lat' dir='ltr'>seriptis</span> <span class='ocrx_word' id='word_1_166' title='bbox 1512 2157 1659 2222; x_wconf 90' lang='lat' dir='ltr'>omnihus</span> 
     </span>
     <span class='ocr_line' id='line_1_19' title="bbox 297 2257 1660 2344; baseline 0 -20"><span class='ocrx_word' id='word_1_167' title='bbox 297 2279 485 2324; x_wconf 89' lang='lat' dir='ltr'>concursum</span> <span class='ocrx_word' id='word_1_168' title='bbox 500 2257 661 2323; x_wconf 91' lang='lat' dir='ltr'>vocalium</span> <span class='ocrx_word' id='word_1_169' title='bbox 677 2257 837 2340; x_wconf 82' lang='lat' dir='ltr'>effugisse,</span> <span class='ocrx_word' id='word_1_170' title='bbox 862 2267 895 2323; x_wconf 92' lang='lat' dir='ltr'>ut</span> <span class='ocrx_word' id='word_1_171' title='bbox 911 2257 1077 2341; x_wconf 90' lang='lat' dir='ltr'>particulis</span> <span class='ocrx_word' id='word_1_172' title='bbox 1092 2259 1172 2344; x_wconf 84' lang='grc' dir='ltr'><strong>ἄχρι,</strong></span> <span class='ocrx_word' id='word_1_173' title='bbox 1195 2260 1239 2322; x_wconf 84' lang='grc' dir='ltr'>δτι</span> <span class='ocrx_word' id='word_1_174' title='bbox 1258 2259 1293 2342; x_wconf 93' lang='lat' dir='ltr'>(i.</span> <span class='ocrx_word' id='word_1_175' title='bbox 1310 2280 1341 2341; x_wconf 87' lang='lat' dir='ltr'>q.</span> <span class='ocrx_word' id='word_1_176' title='bbox 1363 2258 1455 2341; x_wconf 91' lang='lat' dir='ltr'>quia)</span> <span class='ocrx_word' id='word_1_177' title='bbox 1476 2266 1551 2342; x_wconf 91' lang='lat' dir='ltr'>post</span> <span class='ocrx_word' id='word_1_178' title='bbox 1565 2278 1660 2325; x_wconf 89' lang='lat' dir='ltr'>voca·</span> 
     </span>
     <span class='ocr_line' id='line_1_20' title="bbox 295 2359 1658 2445; baseline -0.001 -20"><span class='ocrx_word' id='word_1_179' title='bbox 295 2361 406 2426; x_wconf 91' lang='lat' dir='ltr'>bulum</span> <span class='ocrx_word' id='word_1_180' title='bbox 422 2365 547 2425; x_wconf 91' lang='lat' dir='ltr'>tantum</span> <span class='ocrx_word' id='word_1_181' title='bbox 562 2360 595 2423; x_wconf 93' lang='lat' dir='ltr'>in</span> <span class='ocrx_word' id='word_1_182' title='bbox 612 2366 843 2425; x_wconf 78' lang='lat' dir='ltr'>consonantem</span> <span class='ocrx_word' id='word_1_183' title='bbox 860 2359 1011 2425; x_wconf 87' lang='lat' dir='ltr'>desinens</span> <span class='ocrx_word' id='word_1_184' title='bbox 1026 2365 1181 2435; x_wconf 87' lang='lat' dir='ltr'>uteretur,</span> <span class='ocrx_word' id='word_1_185' title='bbox 1197 2367 1270 2442; x_wconf 92' lang='lat' dir='ltr'>post</span> <span class='ocrx_word' id='word_1_186' title='bbox 1285 2367 1393 2425; x_wconf 90' lang='lat' dir='ltr'>cetera</span> <span class='ocrx_word' id='word_1_187' title='bbox 1408 2367 1516 2425; x_wconf 87' lang='lat' dir='ltr'>autem</span> <span class='ocrx_word' id='word_1_188' title='bbox 1532 2380 1658 2445; x_wconf 87' lang='lat' dir='ltr'>semper</span> 
     </span>
     <span class='ocr_line' id='line_1_21' title="bbox 297 2459 1659 2548; baseline 0.001 -22"><span class='ocrx_word' id='word_1_189' title='bbox 297 2464 394 2548; x_wconf 76' lang='grc' dir='ltr'><strong>μέχρι,</strong></span> <span class='ocrx_word' id='word_1_190' title='bbox 410 2460 482 2524; x_wconf 83' lang='grc' dir='ltr'><strong>διότι</strong></span> <span class='ocrx_word' id='word_1_191' title='bbox 497 2459 684 2544; x_wconf 88' lang='lat' dir='ltr'>praeferret.</span> <span class='ocrx_word' id='word_1_192' title='bbox 719 2461 870 2527; x_wconf 91' lang='lat' dir='ltr'>Vocalem</span> <span class='ocrx_word' id='word_1_193' title='bbox 894 2461 926 2524; x_wconf 89' lang='lat' dir='ltr'>in</span> <span class='ocrx_word' id='word_1_194' title='bbox 943 2461 1094 2545; x_wconf 88' lang='lat' dir='ltr'>operibus</span> <span class='ocrx_word' id='word_1_195' title='bbox 1116 2467 1184 2527; x_wconf 87' lang='lat' dir='ltr'>eius</span> <span class='ocrx_word' id='word_1_196' title='bbox 1205 2482 1270 2526; x_wconf 91' lang='lat' dir='ltr'>non</span> <span class='ocrx_word' id='word_1_197' title='bbox 1285 2462 1436 2546; x_wconf 83' lang='lat' dir='ltr'>excipere</span> <span class='ocrx_word' id='word_1_198' title='bbox 1451 2463 1597 2528; x_wconf 81' lang='lat' dir='ltr'>vocalem</span> <span class='ocrx_word' id='word_1_199' title='bbox 1613 2463 1659 2528; x_wconf 91' lang='lat' dir='ltr'>iu-</span> 
     </span>
     <span class='ocr_line' id='line_1_22' title="bbox 296 2561 1658 2648; baseline 0 -17"><span class='ocrx_word' id='word_1_200' title='bbox 296 2566 385 2631; x_wconf 89' lang='lat' dir='ltr'>venit</span> <span class='ocrx_word' id='word_1_201' title='bbox 407 2564 467 2629; x_wconf 89' lang='lat' dir='ltr'>nisi</span> <span class='ocrx_word' id='word_1_202' title='bbox 491 2563 586 2629; x_wconf 89' lang='lat' dir='ltr'>certis</span> <span class='ocrx_word' id='word_1_203' title='bbox 608 2563 743 2646; x_wconf 83' lang='lat' dir='ltr'>legibus,</span> <span class='ocrx_word' id='word_1_204' title='bbox 766 2583 847 2646; x_wconf 86' lang='lat' dir='ltr'>quas</span> <span class='ocrx_word' id='word_1_205' title='bbox 869 2562 951 2629; x_wconf 91' lang='lat' dir='ltr'>libro</span> <span class='ocrx_word' id='word_1_206' title='bbox 967 2563 1009 2630; x_wconf 93' lang='lat' dir='ltr'>de</span> <span class='ocrx_word' id='word_1_207' title='bbox 1025 2561 1158 2648; x_wconf 90' lang='lat' dir='ltr'>Opifieio</span> <span class='ocrx_word' id='word_1_208' title='bbox 1179 2584 1316 2630; x_wconf 90' lang='lat' dir='ltr'>excusso</span> <span class='ocrx_word' id='word_1_209' title='bbox 1338 2565 1470 2631; x_wconf 89' lang='lat' dir='ltr'>easdem</span> <span class='ocrx_word' id='word_1_210' title='bbox 1492 2563 1560 2630; x_wconf 88' lang='lat' dir='ltr'>fere</span> <span class='ocrx_word' id='word_1_211' title='bbox 1575 2585 1658 2648; x_wconf 90' lang='lat' dir='ltr'>quae</span> 
     </span>
    </p>
   </div>
   <div class='ocr_carea' id='block_1_5' title="bbox 292 2665 1659 3362">
    <p class='ocr_par' dir='ltr' id='par_1_8' title="bbox 292 2665 1659 3362">
     <span class='ocr_line' id='line_1_23' title="bbox 296 2665 1658 2752; baseline -0.001 -21"><span class='ocrx_word' id='word_1_212' title='bbox 296 2667 385 2752; x_wconf 91' lang='lat' dir='ltr'>apud</span> <span class='ocrx_word' id='word_1_213' title='bbox 396 2666 603 2731; x_wconf 88' lang='lat' dir='ltr'>Plutarchum</span> <span class='ocrx_word' id='word_1_214' title='bbox 619 2666 730 2731; x_wconf 89' lang='lat' dir='ltr'>valent</span> <span class='ocrx_word' id='word_1_215' title='bbox 745 2685 816 2731; x_wconf 92' lang='lat' dir='ltr'>esse</span> <span class='ocrx_word' id='word_1_216' title='bbox 832 2666 953 2730; x_wconf 89' lang='lat' dir='ltr'>statuit.</span> <span class='ocrx_word' id='word_1_217' title='bbox 988 2665 1143 2750; x_wconf 75' lang='lat' dir='ltr'>Primam,</span> <span class='ocrx_word' id='word_1_218' title='bbox 1158 2667 1262 2750; x_wconf 87' lang='lat' dir='ltr'>inquit</span> <span class='ocrx_word' id='word_1_219' title='bbox 1276 2669 1323 2751; x_wconf 89' lang='lat' dir='ltr'>(p.</span> <span class='ocrx_word' id='word_1_220' title='bbox 1336 2667 1401 2750; x_wconf 89' lang='grc'><strong>10),</strong></span> <span class='ocrx_word' id='word_1_221' title='bbox 1416 2670 1658 2751; x_wconf 75' lang='lat' dir='ltr'>interpunctione</span> 
     </span>
     <span class='ocr_line' id='line_1_24' title="bbox 296 2766 1659 2854; baseline 0 -23"><span class='ocrx_word' id='word_1_222' title='bbox 296 2771 438 2831; x_wconf 68' lang='lat' dir='ltr'>ramma</span> <span class='ocrx_word' id='word_1_223' title='bbox 460 2770 576 2831; x_wconf 82' lang='lat' dir='ltr'>iustam</span> <span class='ocrx_word' id='word_1_224' title='bbox 595 2769 711 2852; x_wconf 78' lang='lat' dir='ltr'>parari</span> <span class='ocrx_word' id='word_1_225' title='bbox 736 2766 840 2830; x_wconf 75' lang='lat' dir='ltr'>hieira</span> <span class='ocrx_word' id='word_1_226' title='bbox 866 2770 1089 2831; x_wconf 70' lang='lat' dir='ltr'>cremationem</span> <span class='ocrx_word' id='word_1_227' title='bbox 1116 2790 1179 2831; x_wconf 83' lang='lat' dir='ltr'>aaa</span> <span class='ocrx_word' id='word_1_228' title='bbox 1205 2771 1351 2854; x_wconf 80' lang='lat' dir='ltr'>estquod</span> <span class='ocrx_word' id='word_1_229' title='bbox 1376 2770 1489 2851; x_wconf 67' lang='lat' dir='ltr'>daero,</span> <span class='ocrx_word' id='word_1_230' title='bbox 1521 2791 1592 2832; x_wconf 82' lang='lat' dir='ltr'>eam</span> <span class='ocrx_word' id='word_1_231' title='bbox 1614 2769 1659 2832; x_wconf 84' lang='lat' dir='ltr'>vel</span> 
     </span>
     <span class='ocr_line' id='line_1_25' title="bbox 295 2869 1655 2956; baseline 0.001 -23"><span class='ocrx_word' id='word_1_232' title='bbox 295 2873 454 2934; x_wconf 70' lang='lat' dir='ltr'>caumatis</span> <span class='ocrx_word' id='word_1_233' title='bbox 476 2869 549 2932; x_wconf 80' lang='lat' dir='ltr'>haec</span> <span class='ocrx_word' id='word_1_234' title='bbox 569 2872 615 2931; x_wconf 83' lang='lat' dir='ltr'>cis</span> <span class='ocrx_word' id='word_1_235' title='bbox 635 2872 685 2948; x_wconf 84' lang='lat' dir='ltr'>sit,</span> <span class='ocrx_word' id='word_1_236' title='bbox 707 2879 743 2931; x_wconf 85' lang='lat' dir='ltr'>at</span> <span class='ocrx_word' id='word_1_237' title='bbox 764 2891 843 2953; x_wconf 81' lang='lat' dir='ltr'>qaae</span> <span class='ocrx_word' id='word_1_238' title='bbox 864 2891 901 2932; x_wconf 84' lang='lat' dir='ltr'>ac</span> <span class='ocrx_word' id='word_1_239' title='bbox 921 2891 954 2932; x_wconf 90' lang='lat' dir='ltr'>eo</span> <span class='ocrx_word' id='word_1_240' title='bbox 976 2872 1135 2935; x_wconf 68' lang='lat' dir='ltr'>scortator</span> <span class='ocrx_word' id='word_1_241' title='bbox 1152 2893 1258 2956; x_wconf 82' lang='lat' dir='ltr'>pausa</span> <span class='ocrx_word' id='word_1_242' title='bbox 1279 2870 1383 2935; x_wconf 79' lang='lat' dir='ltr'>hiatui</span> <span class='ocrx_word' id='word_1_243' title='bbox 1396 2872 1568 2935; x_wconf 66' lang='lat' dir='ltr'>wesaaado</span> <span class='ocrx_word' id='word_1_244' title='bbox 1588 2873 1655 2955; x_wconf 79' lang='lat' dir='ltr'>saf-</span> 
     </span>
     <span class='ocr_line' id='line_1_26' title="bbox 294 2968 1655 3055; baseline 0.001 -21"><span class='ocrx_word' id='word_1_245' title='bbox 294 2971 388 3042; x_wconf 75' lang='lat' dir='ltr'>ticr&#39;at.</span> <span class='ocrx_word' id='word_1_246' title='bbox 437 2970 518 3035; x_wconf 85' lang='lat' dir='ltr'>Tam</span> <span class='ocrx_word' id='word_1_247' title='bbox 540 2974 575 3033; x_wconf 84' lang='lat' dir='ltr'>io</span> <span class='ocrx_word' id='word_1_248' title='bbox 596 2969 692 3033; x_wconf 71' lang='lat' dir='ltr'>cades</span> <span class='ocrx_word' id='word_1_249' title='bbox 707 2968 824 3034; x_wconf 82' lang='lat' dir='ltr'>Sacrae</span> <span class='ocrx_word' id='word_1_250' title='bbox 838 2974 1009 3055; x_wconf 77' lang='lat' dir='ltr'>scripturae</span> <span class='ocrx_word' id='word_1_251' title='bbox 1030 2973 1163 3036; x_wconf 77' lang='lat' dir='ltr'>citandis</span> <span class='ocrx_word' id='word_1_252' title='bbox 1177 2972 1299 3035; x_wconf 81' lang='lat' dir='ltr'>hiatum</span> <span class='ocrx_word' id='word_1_253' title='bbox 1317 2974 1452 3036; x_wconf 76' lang='lat' dir='ltr'>consalta</span> <span class='ocrx_word' id='word_1_254' title='bbox 1467 2974 1594 3036; x_wconf 81' lang='lat' dir='ltr'>admisit</span> <span class='ocrx_word' id='word_1_255' title='bbox 1606 3021 1613 3035; x_wconf 87' lang='lat'>.</span> <span class='ocrx_word' id='word_1_256' title='bbox 1627 3023 1655 3036; x_wconf 95' lang='lat'>..</span> 
     </span>
     <span class='ocr_line' id='line_1_27' title="bbox 295 3072 1655 3159; baseline 0.001 -23"><span class='ocrx_word' id='word_1_257' title='bbox 295 3095 392 3157; x_wconf 80' lang='lat' dir='ltr'>nepae</span> <span class='ocrx_word' id='word_1_258' title='bbox 413 3075 513 3157; x_wconf 78' lang='lat' dir='ltr'>asapia</span> <span class='ocrx_word' id='word_1_259' title='bbox 536 3073 665 3136; x_wconf 78' lang='lat' dir='ltr'>articuli</span> <span class='ocrx_word' id='word_1_260' title='bbox 685 3072 842 3157; x_wconf 77' lang='lat' dir='ltr'>offendant</span> <span class='ocrx_word' id='word_1_261' title='bbox 867 3072 972 3137; x_wconf 78' lang='lat' dir='ltr'>iiatrcs</span> <span class='ocrx_word' id='word_1_262' title='bbox 984 3074 1146 3159; x_wconf 50' lang='grc' dir='ltr'><strong>χαρακῖται,</strong></span> <span class='ocrx_word' id='word_1_263' title='bbox 1179 3096 1234 3138; x_wconf 83' lang='lat' dir='ltr'>aec</span> <span class='ocrx_word' id='word_1_264' title='bbox 1251 3077 1501 3159; x_wconf 75' lang='lat' dir='ltr'>praepositiones,</span> <span class='ocrx_word' id='word_1_265' title='bbox 1533 3096 1587 3137; x_wconf 85' lang='lat' dir='ltr'>aec</span> <span class='ocrx_word' id='word_1_266' title='bbox 1609 3076 1655 3138; x_wconf 80' lang='grc' dir='ltr'><strong>καὶ</strong></span> 
     </span>
     <span class='ocr_line' id='line_1_28' title="bbox 292 3174 1656 3262; baseline 0.001 -24"><span class='ocrx_word' id='word_1_267' title='bbox 292 3174 500 3260; x_wconf 65' lang='grc' dir='ltr'><strong>ρανινὶνιία’),</strong></span> <span class='ocrx_word' id='word_1_268' title='bbox 520 3196 572 3236; x_wconf 84' lang='lat' dir='ltr'>aec</span> <span class='ocrx_word' id='word_1_269' title='bbox 588 3197 667 3258; x_wconf 83' lang='lat' dir='ltr'>qaae</span> <span class='ocrx_word' id='word_1_270' title='bbox 688 3196 787 3237; x_wconf 84' lang='lat' dir='ltr'>aaara</span> <span class='ocrx_word' id='word_1_271' title='bbox 802 3176 954 3237; x_wconf 81' lang='lat' dir='ltr'>actiortern</span> <span class='ocrx_word' id='word_1_272' title='bbox 976 3175 1125 3260; x_wconf 67' lang='lat' dir='ltr'>spiritam,</span> <span class='ocrx_word' id='word_1_273' title='bbox 1147 3179 1234 3240; x_wconf 83' lang='lat' dir='ltr'>caius</span> <span class='ocrx_word' id='word_1_274' title='bbox 1246 3178 1365 3260; x_wconf 62' lang='lat' dir='ltr'>parweis</span> <span class='ocrx_word' id='word_1_275' title='bbox 1387 3177 1560 3259; x_wconf 66' lang='lat' dir='ltr'>astitisset</span> <span class='ocrx_word' id='word_1_276' title='bbox 1583 3178 1656 3262; x_wconf 83' lang='grc' dir='ltr'><strong>ὧραι</strong></span> 
     </span>
     <span class='ocr_line' id='line_1_29' title="bbox 297 3275 1219 3362; baseline 0.002 -20"><span class='ocrx_word' id='word_1_277' title='bbox 297 3289 325 3342; x_wconf 88' lang='lat' dir='ltr'>et</span> <span class='ocrx_word' id='word_1_278' title='bbox 345 3300 424 3362; x_wconf 80' lang='lat' dir='ltr'>qaae</span> <span class='ocrx_word' id='word_1_279' title='bbox 444 3279 566 3361; x_wconf 83' lang='lat' dir='ltr'>saepias</span> <span class='ocrx_word' id='word_1_280' title='bbox 588 3279 731 3362; x_wconf 75' lang='lat' dir='ltr'>lepaatar</span> <span class='ocrx_word' id='word_1_281' title='bbox 753 3283 795 3362; x_wconf 83' lang='grc' dir='ltr'><strong>τῷ</strong></span> <span class='ocrx_word' id='word_1_282' title='bbox 819 3275 889 3358; x_wconf 83' lang='grc' dir='ltr'><strong>ὄντι,</strong></span> <span class='ocrx_word' id='word_1_283' title='bbox 911 3277 945 3342; x_wconf 76' lang='grc' dir='ltr'><strong>τό</strong></span> <span class='ocrx_word' id='word_1_284' title='bbox 968 3278 1064 3355; x_wconf 80' lang='grc' dir='ltr'><strong>εἰδώς,</strong></span> <span class='ocrx_word' id='word_1_285' title='bbox 1087 3280 1174 3344; x_wconf 84' lang='lat' dir='ltr'>alia.</span> <span class='ocrx_word' id='word_1_286' title='bbox 1189 3329 1219 3345; x_wconf 92' lang='lat'>..</span> 
     </span>
    </p>
   </div>
   <div class='ocr_carea' id='block_1_6' title="bbox 294 3377 1658 3874">
    <p class='ocr_par' dir='ltr' id='par_1_9' title="bbox 294 3377 1658 3874">
     <span class='ocr_line' id='line_1_30' title="bbox 381 3377 1655 3466; baseline 0.002 -23"><span class='ocrx_word' id='word_1_287' title='bbox 381 3377 472 3457; x_wconf 81' lang='lat' dir='ltr'>Quae</span> <span class='ocrx_word' id='word_1_288' title='bbox 495 3380 604 3444; x_wconf 90' lang='lat' dir='ltr'>omnia</span> <span class='ocrx_word' id='word_1_289' title='bbox 625 3379 734 3445; x_wconf 91' lang='lat' dir='ltr'>libello</span> <span class='ocrx_word' id='word_1_290' title='bbox 757 3378 829 3464; x_wconf 77' lang='grc' dir='ltr'><strong>Περὶ</strong></span> <span class='ocrx_word' id='word_1_291' title='bbox 851 3381 1016 3466; x_wconf 74' lang='grc' dir='ltr'><strong>ἀφθαρσίας</strong></span> <span class='ocrx_word' id='word_1_292' title='bbox 1041 3382 1162 3464; x_wconf 91' lang='lat' dir='ltr'>optime</span> <span class='ocrx_word' id='word_1_293' title='bbox 1189 3382 1394 3465; x_wconf 88' lang='lat' dir='ltr'>conveniunt,</span> <span class='ocrx_word' id='word_1_294' title='bbox 1427 3387 1464 3445; x_wconf 88' lang='lat' dir='ltr'>ut</span> <span class='ocrx_word' id='word_1_295' title='bbox 1488 3381 1531 3446; x_wconf 91' lang='lat' dir='ltr'>ad</span> <span class='ocrx_word' id='word_1_296' title='bbox 1554 3381 1655 3465; x_wconf 92' lang='lat' dir='ltr'>ipsius</span> 
     </span>
     <span class='ocr_line' id='line_1_31' title="bbox 294 3481 1654 3569; baseline 0.001 -21"><span class='ocrx_word' id='word_1_297' title='bbox 294 3482 451 3548; x_wconf 88' lang='lat' dir='ltr'>sermonis</span> <span class='ocrx_word' id='word_1_298' title='bbox 466 3481 730 3548; x_wconf 88' lang='lat' dir='ltr'>consuetudinem</span> <span class='ocrx_word' id='word_1_299' title='bbox 745 3481 962 3547; x_wconf 87' lang='lat' dir='ltr'>deliniendam</span> <span class='ocrx_word' id='word_1_300' title='bbox 977 3483 1064 3549; x_wconf 89' lang='lat' dir='ltr'>dicta</span> <span class='ocrx_word' id='word_1_301' title='bbox 1079 3485 1204 3550; x_wconf 84' lang='lat' dir='ltr'>credas.</span> <span class='ocrx_word' id='word_1_302' title='bbox 1237 3484 1285 3549; x_wconf 87' lang='lat' dir='ltr'>Ae</span> <span class='ocrx_word' id='word_1_303' title='bbox 1301 3484 1438 3568; x_wconf 91' lang='lat' dir='ltr'>primum</span> <span class='ocrx_word' id='word_1_304' title='bbox 1453 3482 1495 3549; x_wconf 91' lang='lat' dir='ltr'>de</span> <span class='ocrx_word' id='word_1_305' title='bbox 1509 3483 1581 3569; x_wconf 83' lang='grc' dir='ltr'><strong>ἄχρι</strong></span> <span class='ocrx_word' id='word_1_306' title='bbox 1602 3485 1654 3549; x_wconf 92' lang='lat' dir='ltr'>vel</span> 
     </span>
     <span class='ocr_line' id='line_1_32' title="bbox 296 3583 1658 3670; baseline 0.001 -22"><span class='ocrx_word' id='word_1_307' title='bbox 296 3585 394 3670; x_wconf 78' lang='grc' dir='ltr'><strong>μέχρι,</strong></span> <span class='ocrx_word' id='word_1_308' title='bbox 417 3583 460 3647; x_wconf 82' lang='grc' dir='ltr'>δτι</span> <span class='ocrx_word' id='word_1_309' title='bbox 475 3585 528 3650; x_wconf 90' lang='lat' dir='ltr'>vel</span> <span class='ocrx_word' id='word_1_310' title='bbox 544 3583 625 3667; x_wconf 86' lang='grc' dir='ltr'><strong>διότι,</strong></span> <span class='ocrx_word' id='word_1_311' title='bbox 653 3605 724 3648; x_wconf 91' lang='lat' dir='ltr'>oum</span> <span class='ocrx_word' id='word_1_312' title='bbox 740 3583 896 3649; x_wconf 87' lang='lat' dir='ltr'>Jessenus</span> <span class='ocrx_word' id='word_1_313' title='bbox 918 3585 988 3668; x_wconf 89' lang='lat' dir='ltr'>ipso</span> <span class='ocrx_word' id='word_1_314' title='bbox 1011 3605 1050 3651; x_wconf 91' lang='lat' dir='ltr'>ea</span> <span class='ocrx_word' id='word_1_315' title='bbox 1072 3586 1105 3651; x_wconf 95' lang='lat' dir='ltr'>in</span> <span class='ocrx_word' id='word_1_316' title='bbox 1128 3584 1190 3651; x_wconf 94' lang='lat' dir='ltr'>hoc</span> <span class='ocrx_word' id='word_1_317' title='bbox 1205 3585 1286 3650; x_wconf 90' lang='lat' dir='ltr'>libro</span> <span class='ocrx_word' id='word_1_318' title='bbox 1309 3585 1424 3652; x_wconf 90' lang='lat' dir='ltr'>eadem</span> <span class='ocrx_word' id='word_1_319' title='bbox 1447 3585 1572 3651; x_wconf 87' lang='lat' dir='ltr'>ratione</span> <span class='ocrx_word' id='word_1_320' title='bbox 1594 3605 1658 3668; x_wconf 90' lang='lat' dir='ltr'>qua</span> 
     </span>
     <span class='ocr_line' id='line_1_33' title="bbox 295 3686 1658 3771; baseline 0.001 -21"><span class='ocrx_word' id='word_1_321' title='bbox 295 3687 327 3751; x_wconf 93' lang='lat' dir='ltr'>in</span> <span class='ocrx_word' id='word_1_322' title='bbox 344 3687 460 3753; x_wconf 89' lang='lat' dir='ltr'>ceteris</span> <span class='ocrx_word' id='word_1_323' title='bbox 475 3686 622 3771; x_wconf 92' lang='lat' dir='ltr'>usurpari</span> <span class='ocrx_word' id='word_1_324' title='bbox 638 3686 908 3752; x_wconf 85' lang='lat' dir='ltr'>demonstraverit</span> <span class='ocrx_word' id='word_1_325' title='bbox 920 3686 954 3770; x_wconf 80' lang='lat'>¹),</span> <span class='ocrx_word' id='word_1_326' title='bbox 977 3694 1084 3753; x_wconf 90' lang='lat' dir='ltr'>tacere</span> <span class='ocrx_word' id='word_1_327' title='bbox 1106 3689 1191 3754; x_wconf 89' lang='lat' dir='ltr'>licet.</span> <span class='ocrx_word' id='word_1_328' title='bbox 1226 3687 1292 3754; x_wconf 86' lang='lat' dir='ltr'>Sed</span> <span class='ocrx_word' id='word_1_329' title='bbox 1314 3694 1347 3753; x_wconf 92' lang='lat' dir='ltr'>et</span> <span class='ocrx_word' id='word_1_330' title='bbox 1367 3687 1499 3753; x_wconf 86' lang='lat' dir='ltr'>aliunde</span> <span class='ocrx_word' id='word_1_331' title='bbox 1520 3695 1658 3771; x_wconf 92' lang='lat' dir='ltr'>apparet</span> 
     </span>
     <span class='ocr_line' id='line_1_34' title="bbox 294 3788 1656 3874; baseline 0.001 -21"><span class='ocrx_word' id='word_1_332' title='bbox 294 3789 482 3871; x_wconf 89' lang='lat' dir='ltr'>scriptorem</span> <span class='ocrx_word' id='word_1_333' title='bbox 505 3788 537 3853; x_wconf 94' lang='lat' dir='ltr'>in</span> <span class='ocrx_word' id='word_1_334' title='bbox 559 3788 666 3855; x_wconf 86' lang='lat' dir='ltr'>verbis</span> <span class='ocrx_word' id='word_1_335' title='bbox 688 3788 846 3871; x_wconf 81' lang='lat' dir='ltr'>eligendis</span> <span class='ocrx_word' id='word_1_336' title='bbox 867 3808 907 3855; x_wconf 93' lang='lat' dir='ltr'>ac</span> <span class='ocrx_word' id='word_1_337' title='bbox 929 3789 1139 3874; x_wconf 88' lang='lat' dir='ltr'>disponendis</span> <span class='ocrx_word' id='word_1_338' title='bbox 1165 3810 1327 3855; x_wconf 90' lang='lat' dir='ltr'>summam</span> <span class='ocrx_word' id='word_1_339' title='bbox 1351 3808 1492 3855; x_wconf 90' lang='lat' dir='ltr'>navasse</span> <span class='ocrx_word' id='word_1_340' title='bbox 1514 3809 1656 3874; x_wconf 89' lang='lat' dir='ltr'>operam,</span> 
     </span>
    </p>
   </div>
   <div class='ocr_carea' id='block_1_7' title="bbox 293 3941 1656 4626">
    <p class='ocr_par' dir='ltr' id='par_1_10' title="bbox 295 3941 1655 4102">
     <span class='ocr_line' id='line_1_35' title="bbox 367 3941 1655 4014; baseline 0.003 -21"><span class='ocrx_word' id='word_1_341' title='bbox 367 3941 387 4006; x_wconf 91' lang='lat'>¹)</span> <span class='ocrx_word' id='word_1_342' title='bbox 404 3941 498 3995; x_wconf 87' lang='lat' dir='ltr'>Jessau</span> <span class='ocrx_word' id='word_1_343' title='bbox 528 3942 566 3994; x_wconf 88' lang='lat' dir='ltr'>De</span> <span class='ocrx_word' id='word_1_344' title='bbox 584 3942 713 3995; x_wconf 74' lang='lat' dir='ltr'>elocmiane</span> <span class='ocrx_word' id='word_1_345' title='bbox 730 3944 841 3996; x_wconf 80' lang='lat' dir='ltr'>Philonis</span> <span class='ocrx_word' id='word_1_346' title='bbox 859 3945 1026 3997; x_wconf 74' lang='lat' dir='ltr'>Alexandrini</span> <span class='ocrx_word' id='word_1_347' title='bbox 1051 3945 1150 4014; x_wconf 77' lang='lat' dir='ltr'>(progr.</span> <span class='ocrx_word' id='word_1_348' title='bbox 1179 3946 1312 3999; x_wconf 88' lang='lat' dir='ltr'>Johannei</span> <span class='ocrx_word' id='word_1_349' title='bbox 1340 3945 1559 4014; x_wconf 83' lang='lat' dir='ltr'>Hamburgensis)</span> <span class='ocrx_word' id='word_1_350' title='bbox 1590 3944 1655 3998; x_wconf 85' lang='grc'><strong>1889</strong></span> 
     </span>
     <span class='ocr_line' id='line_1_36' title="bbox 295 4027 1559 4102; baseline 0.005 -23"><span class='ocrx_word' id='word_1_351' title='bbox 295 4044 321 4095; x_wconf 89' lang='grc' dir='ltr'>ρ.</span> <span class='ocrx_word' id='word_1_352' title='bbox 336 4028 375 4080; x_wconf 95' lang='lat' dir='ltr'>ll.</span> <span class='ocrx_word' id='word_1_353' title='bbox 395 4056 428 4065; x_wconf 92' lang='lat'>-</span> <span class='ocrx_word' id='word_1_354' title='bbox 447 4027 604 4082; x_wconf 83' lang='lat' dir='ltr'>Coniectura</span> <span class='ocrx_word' id='word_1_355' title='bbox 621 4031 752 4084; x_wconf 87' lang='lat' dir='ltr'>llausseni</span> <span class='ocrx_word' id='word_1_356' title='bbox 770 4032 848 4101; x_wconf 79' lang='grc' dir='ltr'><strong>κακίᾳ</strong></span> <span class='ocrx_word' id='word_1_357' title='bbox 866 4028 918 4084; x_wconf 79' lang='grc' dir='ltr'><strong>ἀντ’</strong></span> <span class='ocrx_word' id='word_1_358' title='bbox 938 4033 966 4086; x_wconf 93' lang='lat' dir='ltr'>iu</span> <span class='ocrx_word' id='word_1_359' title='bbox 985 4031 1113 4085; x_wconf 85' lang='lat' dir='ltr'>Addenda</span> <span class='ocrx_word' id='word_1_360' title='bbox 1131 4031 1232 4086; x_wconf 83' lang='lat' dir='ltr'>Gohnio</span> <span class='ocrx_word' id='word_1_361' title='bbox 1254 4047 1309 4085; x_wconf 89' lang='lat' dir='ltr'>non</span> <span class='ocrx_word' id='word_1_362' title='bbox 1326 4037 1382 4086; x_wconf 88' lang='lat' dir='ltr'>erat</span> <span class='ocrx_word' id='word_1_363' title='bbox 1400 4032 1559 4102; x_wconf 87' lang='lat' dir='ltr'>recipienda.</span> 
     </span>
    </p>

    <p class='ocr_par' dir='ltr' id='par_1_11' title="bbox 293 4113 1656 4443">
     <span class='ocr_line' id='line_1_37' title="bbox 364 4113 1656 4188; baseline 0.007 -24"><span class='ocrx_word' id='word_1_364' title='bbox 364 4113 387 4179; x_wconf 76' lang='lat'>²)</span> <span class='ocrx_word' id='word_1_365' title='bbox 407 4113 461 4166; x_wconf 84' lang='lat' dir='ltr'>Nee</span> <span class='ocrx_word' id='word_1_366' title='bbox 478 4119 615 4168; x_wconf 80' lang='lat' dir='ltr'>numeralia</span> <span class='ocrx_word' id='word_1_367' title='bbox 642 4118 715 4171; x_wconf 86' lang='lat' dir='ltr'>addit</span> <span class='ocrx_word' id='word_1_368' title='bbox 740 4118 874 4183; x_wconf 81' lang='lat' dir='ltr'>deseenus,</span> <span class='ocrx_word' id='word_1_369' title='bbox 902 4119 947 4172; x_wconf 84' lang='lat' dir='ltr'>sed</span> <span class='ocrx_word' id='word_1_370' title='bbox 965 4134 1025 4173; x_wconf 85' lang='lat' dir='ltr'>oum</span> <span class='ocrx_word' id='word_1_371' title='bbox 1043 4119 1145 4171; x_wconf 89' lang='lat' dir='ltr'>nullum</span> <span class='ocrx_word' id='word_1_372' title='bbox 1166 4120 1333 4187; x_wconf 89' lang='lat' dir='ltr'>proposuerit</span> <span class='ocrx_word' id='word_1_373' title='bbox 1361 4119 1508 4188; x_wconf 86' lang='lat' dir='ltr'>exemplum</span> <span class='ocrx_word' id='word_1_374' title='bbox 1536 4120 1656 4174; x_wconf 85' lang='lat' dir='ltr'>dubitare</span> 
     </span>
     <span class='ocr_line' id='line_1_38' title="bbox 293 4201 1656 4276; baseline 0.004 -23"><span class='ocrx_word' id='word_1_375' title='bbox 293 4201 362 4268; x_wconf 91' lang='lat' dir='ltr'>licet,</span> <span class='ocrx_word' id='word_1_376' title='bbox 385 4217 448 4253; x_wconf 90' lang='lat' dir='ltr'>uum</span> <span class='ocrx_word' id='word_1_377' title='bbox 467 4202 498 4254; x_wconf 88' lang='lat' dir='ltr'>de</span> <span class='ocrx_word' id='word_1_378' title='bbox 517 4204 558 4255; x_wconf 89' lang='lat' dir='ltr'>his</span> <span class='ocrx_word' id='word_1_379' title='bbox 576 4208 646 4256; x_wconf 88' lang='lat' dir='ltr'>recte</span> <span class='ocrx_word' id='word_1_380' title='bbox 664 4205 826 4258; x_wconf 87' lang='lat' dir='ltr'>iudicaverit.</span> <span class='ocrx_word' id='word_1_381' title='bbox 859 4205 911 4258; x_wconf 88' lang='lat' dir='ltr'>Vix</span> <span class='ocrx_word' id='word_1_382' title='bbox 930 4205 1005 4259; x_wconf 89' lang='lat' dir='ltr'>oredo</span> <span class='ocrx_word' id='word_1_383' title='bbox 1024 4206 1160 4259; x_wconf 86' lang='lat' dir='ltr'>Philonem</span> <span class='ocrx_word' id='word_1_384' title='bbox 1186 4210 1245 4274; x_wconf 89' lang='lat' dir='ltr'>post</span> <span class='ocrx_word' id='word_1_385' title='bbox 1263 4204 1334 4258; x_wconf 85' lang='grc' dir='ltr'><strong>όκτώ</strong></span> <span class='ocrx_word' id='word_1_386' title='bbox 1353 4206 1395 4260; x_wconf 81' lang='lat' dir='ltr'>vel</span> <span class='ocrx_word' id='word_1_387' title='bbox 1413 4207 1459 4276; x_wconf 79' lang='grc' dir='ltr'><strong>μιᾷ</strong></span> <span class='ocrx_word' id='word_1_388' title='bbox 1477 4205 1517 4259; x_wconf 88' lang='lat' dir='ltr'>vel</span> <span class='ocrx_word' id='word_1_389' title='bbox 1536 4205 1656 4260; x_wconf 79' lang='grc' dir='ltr'><strong>διακόσιοι</strong></span> 
     </span>
     <span class='ocr_line' id='line_1_39' title="bbox 294 4288 1653 4363; baseline 0.004 -23"><span class='ocrx_word' id='word_1_390' title='bbox 294 4289 414 4355; x_wconf 86' lang='lat' dir='ltr'>posuisse</span> <span class='ocrx_word' id='word_1_391' title='bbox 432 4289 554 4342; x_wconf 84' lang='lat' dir='ltr'>vocalem.</span> <span class='ocrx_word' id='word_1_392' title='bbox 592 4290 622 4343; x_wconf 92' lang='lat' dir='ltr'>ln</span> <span class='ocrx_word' id='word_1_393' title='bbox 640 4288 684 4344; x_wconf 85' lang='grc' dir='ltr'><strong>διἰο</strong></span> <span class='ocrx_word' id='word_1_394' title='bbox 703 4296 790 4345; x_wconf 88' lang='lat' dir='ltr'>autem</span> <span class='ocrx_word' id='word_1_395' title='bbox 809 4308 822 4343; x_wconf 91' lang='lat' dir='ltr'>o</span> <span class='ocrx_word' id='word_1_396' title='bbox 846 4307 903 4345; x_wconf 87' lang='lat' dir='ltr'>oum</span> <span class='ocrx_word' id='word_1_397' title='bbox 922 4293 1048 4358; x_wconf 84' lang='lat' dir='ltr'>elidatur,</span> <span class='ocrx_word' id='word_1_398' title='bbox 1074 4294 1172 4346; x_wconf 87' lang='lat' dir='ltr'>hiatum</span> <span class='ocrx_word' id='word_1_399' title='bbox 1201 4307 1256 4345; x_wconf 90' lang='lat' dir='ltr'>nau</span> <span class='ocrx_word' id='word_1_400' title='bbox 1274 4292 1337 4345; x_wconf 84' lang='lat' dir='ltr'>iacit</span> <span class='ocrx_word' id='word_1_401' title='bbox 1362 4291 1405 4360; x_wconf 85' lang='lat' dir='ltr'>[oi.</span> <span class='ocrx_word' id='word_1_402' title='bbox 1426 4293 1516 4359; x_wconf 81' lang='lat'>15‚14.</span> <span class='ocrx_word' id='word_1_403' title='bbox 1530 4295 1572 4360; x_wconf 88' lang='lat'>16,</span> <span class='ocrx_word' id='word_1_404' title='bbox 1590 4294 1653 4363; x_wconf 80' lang='lat' dir='ltr'>3,1t</span> 
     </span>
     <span class='ocr_line' id='line_1_40' title="bbox 296 4372 449 4443; baseline 0.013 -17"><span class='ocrx_word' id='word_1_405' title='bbox 296 4372 340 4427; x_wconf 79' lang='lat' dir='ltr'>tto</span> <span class='ocrx_word' id='word_1_406' title='bbox 360 4373 449 4443; x_wconf 62' lang='lat' dir='ltr'>ittae}</span> 
     </span>
    </p>

    <p class='ocr_par' dir='ltr' id='par_1_12' title="bbox 294 4461 1654 4626">
     <span class='ocr_line' id='line_1_41' title="bbox 365 4461 1654 4538; baseline 0.006 -25"><span class='ocrx_word' id='word_1_407' title='bbox 365 4462 386 4527; x_wconf 86' lang='lat'>³)</span> <span class='ocrx_word' id='word_1_408' title='bbox 406 4461 480 4525; x_wconf 86' lang='lat' dir='ltr'>Quod</span> <span class='ocrx_word' id='word_1_409' title='bbox 499 4467 585 4517; x_wconf 90' lang='lat' dir='ltr'>tamen</span> <span class='ocrx_word' id='word_1_410' title='bbox 604 4464 642 4534; x_wconf 89' lang='grc' dir='ltr'>[ρ.</span> <span class='ocrx_word' id='word_1_411' title='bbox 655 4465 683 4534; x_wconf 84' lang='grc'>8]</span> <span class='ocrx_word' id='word_1_412' title='bbox 703 4465 801 4519; x_wconf 85' lang='lat' dir='ltr'>conicit</span> <span class='ocrx_word' id='word_1_413' title='bbox 818 4465 850 4519; x_wconf 87' lang='lat' dir='ltr'>da</span> <span class='ocrx_word' id='word_1_414' title='bbox 868 4464 928 4517; x_wconf 78' lang='lat' dir='ltr'>dciv</span> <span class='ocrx_word' id='word_1_415' title='bbox 947 4466 1038 4536; x_wconf 85' lang='grc' dir='ltr'><strong>δρατδν</strong></span> <span class='ocrx_word' id='word_1_416' title='bbox 1062 4466 1182 4519; x_wconf 86' lang='lat' dir='ltr'>codicum</span> <span class='ocrx_word' id='word_1_417' title='bbox 1201 4467 1355 4520; x_wconf 88' lang='lat' dir='ltr'>testimonio</span> <span class='ocrx_word' id='word_1_418' title='bbox 1374 4466 1507 4532; x_wconf 81' lang='lat' dir='ltr'>refellitur,</span> <span class='ocrx_word' id='word_1_419' title='bbox 1531 4469 1578 4523; x_wconf 87' lang='lat' dir='ltr'>sed</span> <span class='ocrx_word' id='word_1_420' title='bbox 1601 4470 1654 4538; x_wconf 92' lang='lat' dir='ltr'>ple·</span> 
     </span>
     <span class='ocr_line' id='line_1_42' title="bbox 294 4550 1654 4626; baseline 0.007 -25"><span class='ocrx_word' id='word_1_421' title='bbox 294 4550 392 4602; x_wconf 89' lang='lat' dir='ltr'>niorem</span> <span class='ocrx_word' id='word_1_422' title='bbox 411 4550 517 4604; x_wconf 83' lang='lat' dir='ltr'>formam</span> <span class='ocrx_word' id='word_1_423' title='bbox 537 4551 600 4605; x_wconf 83' lang='grc' dir='ltr'><strong>διότι</strong></span> <span class='ocrx_word' id='word_1_424' title='bbox 617 4555 645 4606; x_wconf 91' lang='lat' dir='ltr'>iu</span> <span class='ocrx_word' id='word_1_425' title='bbox 657 4553 762 4606; x_wconf 87' lang='lat' dir='ltr'>exordio</span> <span class='ocrx_word' id='word_1_426' title='bbox 782 4553 890 4605; x_wconf 87' lang='lat' dir='ltr'>solemni</span> <span class='ocrx_word' id='word_1_427' title='bbox 910 4553 1035 4622; x_wconf 89' lang='lat' dir='ltr'>praetulit</span> <span class='ocrx_word' id='word_1_428' title='bbox 1053 4553 1137 4620; x_wconf 87' lang='lat' dir='ltr'>Philo,</span> <span class='ocrx_word' id='word_1_429' title='bbox 1156 4558 1185 4606; x_wconf 91' lang='lat' dir='ltr'>ut</span> <span class='ocrx_word' id='word_1_430' title='bbox 1205 4553 1258 4607; x_wconf 70' lang='lat' dir='ltr'>aa</span> <span class='ocrx_word' id='word_1_431' title='bbox 1278 4555 1326 4607; x_wconf 83' lang='lat' dir='ltr'>atel</span> <span class='ocrx_word' id='word_1_432' title='bbox 1338 4571 1385 4624; x_wconf 89' lang='lat' dir='ltr'>pro</span> <span class='ocrx_word' id='word_1_433' title='bbox 1398 4555 1527 4609; x_wconf 53' lang='lat' dir='ltr'>&amp;semel</span> <span class='ocrx_word' id='word_1_434' title='bbox 1540 4558 1654 4626; x_wconf 88' lang='lat' dir='ltr'>scripsit.</span> 
     </span>
    </p>
   </div>
   <div class='ocr_carea' id='block_1_8' title="bbox 0 0 1770 5394">
    <p class='ocr_par' dir='ltr' id='par_1_13' title="bbox 0 0 1770 5394">
     <span class='ocr_line' id='line_1_43' title="bbox 0 0 1770 5394; baseline 0 3"><span class='ocrx_word' id='word_1_435' title='bbox 0 0 1770 5394; x_wconf 95' lang='lat' dir='ltr'> </span> 
     </span>
    </p>
   </div>
  </div>
 </body>
</html>
