3532 5394
754 373 1010 429 PROLEGOllllNA
1511 380 1563 419 xm

205 545 288 629 ηιόνα
314 545 477 618 παιζόντων
502 547 552 609 καί
578 546 612 609 ἐκ
640 548 761 630 ψάμμου
799 546 896 615 οἴκους
934 546 1123 610 συντιθέντων
1157 549 1204 608 καί
1236 545 1373 610 λυόντων.
1423 544 1474 614 Τίς
1507 547 1562 629 γὰρ

205 647 281 710 οὕτω
306 647 498 731 ματαιόττονος
520 648 652 732 τεχνίτης
673 651 715 716 ὡς
734 649 915 711 ἐναλλάττειν
931 649 1035 711 ἑαυτοῦ
1057 647 1092 709 τὰ
1107 649 1205 714 καλῶς
1227 650 1285 709 τῶν
1302 645 1393 730 ἔργων
1408 647 1559 731 γεγόνοτα;

206 747 365 831 Συνάγεται
387 750 480 812 τοίνυν
503 749 537 814 ἐκ
558 755 617 812 τῶν
646 749 787 813 τεθέντων
810 749 830 832 ἢ
853 750 998 812 ἀθάνατον
1021 749 1069 811 τδν
1093 748 1160 811 θεδν
1184 747 1285 830 λέγειν,
1315 749 1334 831 ἢ
1358 748 1480 832 ἀνόητον
1503 749 1522 832 ἢ
1545 747 1561 810 δ

208 849 250 933 μὴ
266 849 352 934 θέμις
375 851 508 914 ὑπονοεῖν
532 850 591 935 [sio
614 850 719 932 Philo,
747 856 838 914 ποιεῖν
861 851 951 914 εἰπεῖν
975 848 1059 932 libri]
1084 847 1245 933 <πονηρόν>.
1287 846 1386 913 Ἀλλὰ
1415 851 1471 934 μὴν
1495 849 1562 912 οὔτε

204 950 354 1032 ἀδύνατος,
383 951 449 1016 οὔτε
471 952 594 1036 ἀνόητος
616 953 632 1016 ό
655 953 734 1028 θεός,
761 953 832 1037 πρός
859 954 891 1016 δὲ
917 953 966 1016 καὶ
988 951 1110 1034 ἀγαθός·
1144 950 1295 1036 ἄφθαρτος
1318 948 1374 1035 ἄρα
1397 953 1413 1014 ό
1436 951 1560 1035 κόσμος·

204 1052 230 1116 εί
252 1055 285 1118 δὲ
306 1053 465 1138 ἄφθαρτος,
488 1056 536 1119 καὶ
559 1055 698 1138 ἀγένητος
720 1054 794 1119 κατὰ
816 1053 934 1139 χρόνον·
963 1054 1056 1117 ἀιδίου
1084 1051 1138 1136 γὰρ
1165 1051 1247 1121 ὄντος
1274 1056 1326 1115 τοῦ
1354 1055 1561 1137 δημιουργικοῦ

205 1155 310 1231 αίτίου,
333 1156 424 1219 ἀίδιον
447 1156 521 1219 κατὰ
544 1156 649 1242 χρόνον
673 1158 705 1220 τό
729 1157 943 1240 δημιούργημα,
971 1157 1012 1224 ὥς
1034 1176 1121 1239 φησιν
1145 1155 1161 1217 ό
1186 1154 1348 1238 Πορφόριος
1376 1156 1425 1218 καί
1447 1157 1467 1238 ἡ
1491 1157 1561 1240 ἀλή·

204 1256 271 1320 θεια
294 1257 433 1342 φαίνεται.
467 1259 556 1323 Haeo
582 1277 687 1341 paone
710 1258 751 1323 ad
775 1257 908 1323 verbum
932 1278 950 1321 e
972 1256 1053 1321 libro
1076 1254 1146 1340 Περὶ
1166 1256 1330 1340 ἀφθαρσίας
1351 1257 1396 1340 (p.
1416 1256 1561 1340 13,1l-

206 1358 324 1441 14,16)
346 1358 509 1442 dosoripte
530 1379 602 1425 esee
629 1359 754 1426 notavit
779 1358 983 1443 llemayoiun.
1030 1357 1275 1423 credendumne
1302 1365 1352 1424 est
1379 1357 1475 1441 igitur
1504 1358 1562 1422 Za-

204 1458 347 1525 chariam
376 1460 590 1545 Porphyrium
618 1461 763 1526 Philonis
786 1461 1026 1543 compilatorem
1055 1459 1276 1543 exoerpsisee‘?
1327 1461 1376 1523 An
1409 1458 1489 1523 illud
1521 1460 1562 1527 ὥς

140 1608 146 1622 .
204 1583 291 1646 φησιν
314 1563 330 1625 ό
352 1559 515 1646 Πορφόριος
536 1563 579 1626 ed
602 1563 747 1627 ultimum
770 1570 894 1628 lantum
918 1568 1043 1644 spectat
1065 1560 1289 1626 enuntiatum?
1331 1562 1381 1624 An
1404 1559 1487 1625 salso
1503 1561 1561 1624 Za-

204 1662 335 1728 charias
358 1663 529 1749 Porphyrii
553 1663 683 1729 nomine
706 1685 782 1729 usus
805 1665 877 1730 eet?
910 1662 1063 1741 Quamvis
1085 1670 1209 1729 constet
1226 1661 1438 1747 Porphyrium
1462 1681 1562 1745 saepe

203 1765 363 1849 ampliora
384 1765 525 1831 auotorio
547 1766 677 1831 nomine
701 1787 763 1831 non
787 1765 898 1831 addito
914 1785 1088 1848 exoerpere
1103 1764 1285 1846 fragmenta
1300 1765 1427 1828 solitum
1445 1783 1517 1829 esse
1525 1762 1561 1847 ¹),

203 1873 312 1933 lamen
334 1867 474 1933 dubitari
497 1889 561 1932 non
585 1874 691 1951 potest
713 1868 788 1950 quin
811 1866 988 1932 Zachariae
1011 1887 1029 1932 e
1053 1865 1189 1931 Philone
1211 1868 1281 1950 ipso
1303 1867 1385 1931 haee
1408 1865 1561 1948 hauserit,

203 1987 274 2033 uum
297 1969 417 2037 etalio
440 1971 540 2034 multo
562 1990 633 2034 oum
656 1990 696 2034 ex
720 1970 833 2035 ueteris
856 1970 924 2035 eiue
948 1967 1109 2051 seriptis²)
1130 1977 1196 2033 lum
1219 1968 1251 2032 in
1275 1968 1386 2051 primis
1408 1988 1427 2033 e
1450 1968 1559 2033 libello

205 2071 254 2136 De
280 2070 581 2156 incorruptibilitate
591 2070 625 2154 ³),
648 2079 801 2155 excerpta
823 2071 855 2135 in
879 2091 969 2136 suam
992 2070 1142 2135 intererit
1170 2069 1357 2134 orationem.
1406 2069 1450 2132 Αι
1477 2088 1560 2151 quoe

276 2317 295 2382 ¹)
315 2317 431 2385 Bomhys
452 2318 626 2384 Τλαορλναειέ
645 2319 740 2386 Schrisl
758 2322 817 2369 rlher
835 2319 874 2368 άίε
895 2318 1072 2385 Frommiqlceil.
1110 2317 1198 2369 Berlin
1221 2317 1286 2369 1866
1305 2332 1331 2383 p.
1345 2317 1390 2369 3.”ί
1410 2322 1436 2369 et
1455 2333 1525 2384 pass.

273 2403 296 2470 ²)
314 2404 454 2458 Zacharias
477 2422 502 2473 p.
516 2406 548 2457 87
574 2406 629 2478 ῶρα
651 2405 739 2474 θέρους
815 2405 856 2457 ότι
980 2405 1046 2457 Phil.
1066 2405 1097 2457 de
1116 2404 1185 2457 Proi.
1204 2403 1273 2455 n32
1302 2405 1324 2469 (l
1344 2403 1407 2469 573)
1435 2405 1473 2472 τῷ
1487 2402 1561 2472 Λίγυ-

203 2488 233 2559 δη
248 2490 353 2561 ζέφυρος
370 2497 427 2543 πνεῖ
442 2490 489 2561 lou
507 2509 531 2543 τι
548 2492 615 2560 μάλα
634 2494 677 2546 καί
696 2492 795 2561 λιγυρόν
814 2493 856 2543 καὶ
908 2492 973 2560 πτίιρ
992 2496 1099 2561 ποταμῷ
1119 2491 1146 2550 δς
1168 2491 1233 2543 κατὰ
1253 2497 1301 2543 πᾶν
1321 2490 1376 2548 ίτος
1394 2491 1562 2562 ἀναχεόμενος

202 2575 342 2646 όμίγιστος
356 2577 469 2646 ποταμός
481 2578 599 2637 ίπιεικῶς
610 2586 660 2638 τοῖς
674 2577 790 2650 ριόμασιν
804 2580 856 2631 ίπι-
908 2577 1019 2645 λιμνάζει
1041 2577 1088 2647 τὴν
1113 2577 1267 2630 πεδιάδα...
1292 2573 1384 2645 Θίρους
1408 2578 1564 2646 ἀκμάζοντος

203 2662 287 2725 κλόζει
309 2664 356 2734 τὴν
377 2664 504 2734 Αἴγυπτον
528 2667 571 2718 καί
590 2666 727 2735 Αἰγυπτίας
749 2665 856 2736 άροόρας
908 2663 921 2716 ό
941 2661 1088 2722 Νεῖλος...
1108 2664 1176 2735 οίρδει
1194 2664 1239 2720 τὰς
1258 2663 1363 2736 άροόρας
1381 2664 1413 2716 τί.
1433 2665 1486 2717 vit.
1499 2666 1564 2717 llos.

202 2749 270 2821 ἀρδει
292 2749 483 2822 περιλιμνάζων.
908 2751 918 2802 ί
938 2752 953 2803 2
972 2751 1007 2816 (ll
1027 2752 1057 2802 81
1079 2751 1124 2815 ll.)

272 2854 298 2905 p.
321 2838 354 2890 96
381 2839 488 2892 ‹leomm
508 2841 619 2893 cultores
648 2839 765 2911 μηδαμοῦ
794 2839 855 2910 πρός
977 2837 1014 2889 Do
1039 2836 1112 2889 Cous.
1132 2836 1214 2904 liugn.
1242 2836 1312 2890 αδδ
1340 2837 1428 2901 (1431
1452 2839 1496 2904 ll.)
1526 2837 1564 2891 Τὸ

202 2924 249 2994 τὴν
260 2920 404 2995 Ὁμηρικὴν
418 2925 609 2996 ἐπιστραφέντες
621 2927 709 2997 σοφίαν
721 2923 778 2979 (οιίκ
796 2928 855 2996 ἀγα·
906 2926 952 2995 γὰρ
978 2922 1036 2976 (οὒκ
1064 2922 1158 2992 ἀγαθόν
1182 2922 1369 2993 πολυκοιρανίη,
1389 2925 1422 2982 είς
1449 2926 1565 2994 κοίρανος

201 3007 249 3062 llo
284 3009 473 3083 πολυκοιρανίη
502 3010 688 3081 νομοθετοῦσαν
724 3010 767 3071 ’τίς
803 3016 855 3066 κοί·
907 3013 981 3076 έατω,
1007 3011 1041 3068 είς
1065 3007 1185 3079 βασιλεὺς
1210 3009 1256 3063 οὐκ
1281 3012 1321 3063 ίπλ
1339 3011 1438 3063 πόλεων
1456 3014 1500 3064 καί
1523 3013 1564 3064 ἀν·

203 3114 277 3168 ρανος
290 3097 364 3164 ίστω,
383 3099 417 3156 είς
430 3097 560 3168 βασιλείοςῖ
580 3099 751 3172 δημοκρατίαν
770 3101 796 3153 δὲ
808 3102 855 3171 τὴν
907 3098 1020 3171 θρῶπων
1032 3096 1124 3166 λέγοιτ’
1143 3097 1173 3149 iv
1192 3097 1218 3149 ἐν
1237 3097 1294 3168 δίκη
1313 3097 1408 3166 μᾶλλον
1426 3100 1442 3167 ἢ
1463 3101 1503 3151 ἐπί
1521 3099 1564 3151 κό-

202 3183 313 3237 άτακτον
332 3187 375 3239 καί
394 3187 524 3258 αἰσχίστην
542 3193 595 3239 τῶν
607 3188 739 3240 πολιτειῶν
758 3189 801 3240 καί
814 3207 855 3240 πε·
908 3203 971 3253 σμου
989 3186 1033 3237 καί
1051 3183 1119 3236 θεοῦ.
1157 3186 1194 3237 De
1213 3184 1282 3251 Opil.
1303 3201 1335 3236 m.
1354 3185 1384 3236 61
1406 3184 1502 3251 (6617
1523 3186 1563 3251 C.)

202 3272 331 3344 φυρμίνην
361 3273 400 3326 ἀεί
432 3274 475 3325 καί
502 3274 679 3334 στασιάζουσαν
708 3275 773 3326 κατὰ
805 3280 857 3326 τῶν
908 3273 966 3330 τοὺς
985 3272 1116 3341 εἰσηγητὰς
1143 3274 1188 3340 τῆς
1212 3269 1337 3323 πολυθέου
1363 3270 1437 3340 δόξης
1466 3272 1490 3323 οἳ
1517 3272 1563 3323 οὐκ

203 3355 271 3410 θεῶν
289 3363 495 3429 κατηγοροῦντες,
514 3360 543 3412 τό
563 3360 589 3412 δέ
602 3360 696 3418 κάλλος
707 3365 753 3431 τῆς
766 3379 856 3429 μοναρ-
910 3358 1042 3429 ἐρυθριῶσι
1054 3357 1101 3427 τὴν
1120 3357 1280 3427 φαυλοτάτην
1299 3364 1350 3409 τῶν
1362 3358 1563 3411 κακοπολιτειῶν

202 3443 259 3517 χίας
278 3444 386 3518 ἀθρῆσαι
404 3448 440 3515 μὴ
459 3445 638 3518 δυνηθέντες..
651 3487 656 3499 .
910 3445 1078 3519 όχλοκρατίαν
1091 3446 1140 3497 ἀπό
1151 3450 1197 3517 γῆς
1209 3446 1244 3503 τίς
1257 3445 1361 3515 οὐρανὸν
1374 3446 1563 3514 μετοικίζοντος.

273 3549 299 3600 ρ,
316 3533 372 3586 136.
392 3535 460 3586 Deus
480 3535 608 3587 hominem
623 3535 740 3587 ultimum
761 3536 858 3587 crearit
982 3535 1018 3587 De
1038 3549 1079 3601 op.
1100 3551 1132 3585 m.
1152 3551 1173 3585 c.
1188 3533 1221 3586 25
1237 3529 1413 3603 Ἐπιζητησειε
1433 3533 1460 3584 δ’
1479 3533 1509 3585 ἅν
1527 3550 1563 3592 τις

204 3625 264 3686 post
289 3623 373 3672 celero
400 3623 489 3673 omnia
517 3621 565 3674 έδει
583 3623 628 3690 γὰρ
648 3622 686 3673 olor
715 3620 811 3690 βασιλεῖ
830 3641 857 3674 τι
909 3621 956 3691 τἠν
974 3621 1055 3673 αἰτίαν
1075 3617 1104 3672 δι’
1124 3620 1155 3689 ἣν
1175 3618 1280 3671 ὕστατον
1299 3620 1369 3690 έργον
1388 3618 1563 3691 έστλνᾶνθρω-

205 3706 248 3758 καλ
266 3705 398 3775 δαιτυμόνι
416 3707 464 3760 luth
483 3713 528 3760 τοῦ
548 3709 651 3760 πάντων
675 3707 795 3778 βασιλέως
814 3711 857 3761 καί
909 3727 955 3765 πος
972 3713 1019 3777 τῆς
1036 3714 1082 3760 τοῦ
1101 3709 1197 3776 κόσμου
1210 3709 1345 3776 γενέσεως.
1360 3747 1386 3758 ..
1406 3704 1468 3764 Θεὸς
1481 3710 1562 3759 πάντα

203 3792 345 3862 έστιάτορος
373 3794 600 3866 προιτοιμασθῐγναι
624 3796 656 3847 τὰ
681 3795 791 3864 βασίλεια
815 3798 858 3848 καί
910 3796 1120 3864 προητοιμάσατο.
1162 3792 1283 3865 Καθάπερ
1310 3793 1354 3846 οὖν
1378 3794 1400 3845 ol
1425 3795 1564 3866 ἑστιάτορες

203 3879 233 3932 τό
252 3880 389 3948 συμπόσιον
407 3883 451 3933 καί
469 3884 501 3934 τό
519 3886 565 3952 τῆς
583 3883 723 3947 ἑστιάσεως,
748 3877 793 3935 εἶθ’
819 3882 859 3934 οὔ·
911 3881 940 3934 oh
959 3882 1079 3950 πρότερον
1098 3881 1138 3932 ἐπὶ
1161 3880 1258 3933 δεῖπνον
1282 3879 1399 3933 καλοῦσιν
1417 3881 1433 3950 ἢ
1453 3883 1484 3933 τὰ
1503 3880 1564 3951 πρός

204 3985 257 4024 τως
273 3967 317 4019 τόν
337 3967 376 4020 lul
395 3971 440 4038 γῆς
458 3967 666 4041 χειροτονηθῆναι
689 3972 733 4022 καί
751 3968 860 4041 προβλη-
910 3967 1021 4041 εὐωχίαν
1039 3969 1120 4020 πάντα
1139 3967 1335 4037 εὐτρεπίσαι
1354 3968 1397 4021 τὸν
1416 3968 1491 4021 αὐτὸν
1510 3969 1564 4038 τρό-

202 4051 279 4124 θῆναι
298 4053 401 4124 βασιλέα
419 4056 462 4106 καί
480 4055 617 4123 δαιτυμόνα
635 4062 688 4108 τῶν
706 4053 810 4125 ἀγαθῶν
823 4056 860 4107 ῶν
910 4073 957 4107 πον
976 4057 1019 4107 καί
1038 4055 1051 4107 ό
1069 4060 1122 4107 τῶν
1141 4053 1208 4107 όλων
1227 4056 1329 4126 ἡγεμὼν
1353 4057 1392 4108 old
1418 4074 1456 4113 τις
1486 4057 1565 4109 ἑστιά-

203 4138 314 4211 όμίγας
331 4139 476 4214 προόθηκεν
495 4142 625 4212 ίστιάτωρ.
910 4160 1020 4213 τωρ
1047 4142 1256 4213 προευτρεπίσατο
1278 4138 1309 4194 ἵν’
1338 4143 1372 4200 ιίς
1399 4141 1443 4194 τόν
1470 4141 1565 4211 κόσμον

912 4226 1032 4282 είσελθών
1051 4227 1109 4298 εδρη
1130 4229 1265 4297 συμπόσιον
1283 4227 1428 4300 ἱερώτατον.

275 4315 297 4382 ¹)
317 4316 345 4369 P.
360 4316 394 4369 88
413 4315 442 4368 τὸ
461 4315 550 4373 καλῶς
568 4316 626 4384 ίχον
645 4318 688 4369 καί
707 4313 832 4387 άρμοσθέν
850 4314 877 4368 εδ
896 4314 963 4368 λθειν
982 4313 1076 4369 ἐθέλειν
1095 4321 1187 4380 κακοῦ,
1210 4316 1347 4369 Platonica
1366 4318 1443 4369 verba
1461 4333 1486 4384 ρ.
1500 4317 1561 4379 5,11

203 4403 318 4456 laudale.
338 4431 370 4440 -
390 4419 415 4470 p.
427 4402 462 4455 90
479 4405 519 4473 τῷ
538 4402 659 4475 γλαφυρῷ
677 4406 723 4472 τῆς
740 4406 855 4474 φράσεως
873 4401 1019 4474 γοητιόουσι
1036 4409 1087 4456 τῶν
1100 4404 1274 4475 ἀκροωμένων
1292 4406 1335 4460 τὰς
1353 4403 1439 4467 ἀκοάς,
1459 4401 1564 4474 ἀληθῶν

203 4487 354 4550 ἀποδείξεων
373 4490 476 4560 ἀπορίης
497 4488 529 4542 τί.
551 4489 615 4554 18,8
634 4505 686 4557 seq.
706 4518 738 4526 —
759 4505 782 4557 p.
797 4489 831 4542 93
850 4489 1038 4560 καταβληδεῖσα
1061 4490 1087 4542 lo
1105 4493 1143 4559 τῷ
1162 4494 1209 4559 τῆς
1227 4490 1326 4560 ρόσεως
1344 4489 1512 4561 έργαστηρίιρ;
1531 4490 1563 4542 cf.

203 4575 294 4644 21,10.
318 4604 351 4614 -
370 4591 395 4644 p.
410 4576 443 4630 95
467 4573 669 4646 μυθολογοῦντας
692 4577 735 4629 καί
758 4583 936 4647 γιγαντιῶντας
963 4593 995 4629 ne
1022 4577 1134 4645 intelligi
1164 4577 1268 4644 quidem
1292 4582 1377 4644 polest
1401 4575 1453 4629 nisi
1483 4575 1565 4640 18,13
