<?xml version="1.0" encoding="UTF-8"?>
<!DOCTYPE html PUBLIC "-//W3C//DTD XHTML 1.0 Transitional//EN"
    "http://www.w3.org/TR/xhtml1/DTD/xhtml1-transitional.dtd">
<html xmlns="http://www.w3.org/1999/xhtml" xml:lang="en" lang="en">
 <head>
  <title>
</title>
<meta http-equiv="Content-Type" content="text/html;charset=utf-8" />
  <meta name='ocr-system' content='tesseract 3.04.00' />
  <meta name='ocr-capabilities' content='ocr_page ocr_carea ocr_par ocr_line ocrx_word'/>
</head>
<body>
  <div class='ocr_page' id='page_1' title='image "./deaeternitatemu00philgoog_0042.png"; bbox 0 0 3532 5394; ppageno 0'>
   <div class='ocr_carea' id='block_1_1' title="bbox 749 364 1560 419">
    <p class='ocr_par' dir='ltr' id='par_1_1' title="bbox 749 364 1560 419">
     <span class='ocr_line' id='line_1_1' title="bbox 749 364 1560 419; baseline -0.007 -2"><span class='ocrx_word' id='word_1_1' title='bbox 749 364 1003 419; x_wconf 61' lang='lat' dir='ltr'>Paolraeonaul</span> <span class='ocrx_word' id='word_1_2' title='bbox 1491 371 1560 413; x_wconf 81' lang='lat' dir='ltr'>xxrx</span> 
     </span>
    </p>
   </div>
   <div class='ocr_carea' id='block_1_2' title="bbox 201 533 1566 3471">
    <p class='ocr_par' dir='ltr' id='par_1_2' title="bbox 201 533 1566 2657">
     <span class='ocr_line' id='line_1_2' title="bbox 202 533 1553 621; baseline 0.003 -21"><span class='ocrx_word' id='word_1_3' title='bbox 202 533 327 600; x_wconf 89' lang='lat' dir='ltr'>circiter</span> <span class='ocrx_word' id='word_1_4' title='bbox 348 536 465 601; x_wconf 89' lang='lat' dir='ltr'>aetatis</span> <span class='ocrx_word' id='word_1_5' title='bbox 487 542 596 601; x_wconf 90' lang='lat' dir='ltr'>essent</span> <span class='ocrx_word' id='word_1_6' title='bbox 618 543 650 602; x_wconf 90' lang='lat' dir='ltr'>et</span> <span class='ocrx_word' id='word_1_7' title='bbox 673 555 714 601; x_wconf 83' lang='lat' dir='ltr'>ex</span> <span class='ocrx_word' id='word_1_8' title='bbox 736 535 850 602; x_wconf 90' lang='lat' dir='ltr'>eodem</span> <span class='ocrx_word' id='word_1_9' title='bbox 872 535 1050 621; x_wconf 83' lang='lat' dir='ltr'>archetypo</span> <span class='ocrx_word' id='word_1_10' title='bbox 1072 537 1220 621; x_wconf 85' lang='lat' dir='ltr'>derivati,</span> <span class='ocrx_word' id='word_1_11' title='bbox 1244 556 1354 621; x_wconf 90' lang='lat' dir='ltr'>parem</span> <span class='ocrx_word' id='word_1_12' title='bbox 1368 536 1436 604; x_wconf 83' lang='lat' dir='ltr'>fere</span> <span class='ocrx_word' id='word_1_13' title='bbox 1457 539 1553 604; x_wconf 85' lang='lat' dir='ltr'>trihui</span> 
     </span>
     <span class='ocr_line' id='line_1_3' title="bbox 202 636 1561 721; baseline 0.002 -19"><span class='ocrx_word' id='word_1_14' title='bbox 202 636 436 720; x_wconf 89' lang='lat' dir='ltr'>auctoritatem,</span> <span class='ocrx_word' id='word_1_15' title='bbox 470 637 517 702; x_wconf 88' lang='lat' dir='ltr'>ita</span> <span class='ocrx_word' id='word_1_16' title='bbox 550 644 658 703; x_wconf 90' lang='lat' dir='ltr'>tamen</span> <span class='ocrx_word' id='word_1_17' title='bbox 692 645 727 702; x_wconf 92' lang='lat' dir='ltr'>nt</span> <span class='ocrx_word' id='word_1_18' title='bbox 750 636 983 721; x_wconf 88' lang='lat' dir='ltr'>Petropolitani</span> <span class='ocrx_word' id='word_1_19' title='bbox 1011 646 1043 704; x_wconf 87' lang='lat' dir='ltr'>et</span> <span class='ocrx_word' id='word_1_20' title='bbox 1064 638 1220 704; x_wconf 89' lang='lat' dir='ltr'>Marciani</span> <span class='ocrx_word' id='word_1_21' title='bbox 1253 659 1445 704; x_wconf 91' lang='lat' dir='ltr'>consensum</span> <span class='ocrx_word' id='word_1_22' title='bbox 1478 661 1561 706; x_wconf 92' lang='lat' dir='ltr'>unus</span> 
     </span>
     <span class='ocr_line' id='line_1_4' title="bbox 202 738 1559 824; baseline 0.003 -21"><span class='ocrx_word' id='word_1_23' title='bbox 202 739 439 805; x_wconf 78' lang='lat' dir='ltr'><strong>Laurentianus</strong></span> <span class='ocrx_word' id='word_1_24' title='bbox 461 739 697 823; x_wconf 80' lang='lat' dir='ltr'>aequiperaret,</span> <span class='ocrx_word' id='word_1_25' title='bbox 720 739 910 804; x_wconf 77' lang='lat' dir='ltr'>Vaticanum</span> <span class='ocrx_word' id='word_1_26' title='bbox 933 738 1028 804; x_wconf 86' lang='lat' dir='ltr'>ambo</span> <span class='ocrx_word' id='word_1_27' title='bbox 1050 747 1249 824; x_wconf 83' lang='lat' dir='ltr'>superarent.</span> <span class='ocrx_word' id='word_1_28' title='bbox 1299 739 1365 806; x_wconf 88' lang='lat' dir='ltr'>Sed</span> <span class='ocrx_word' id='word_1_29' title='bbox 1392 742 1445 807; x_wconf 83' lang='lat' dir='ltr'>vel</span> <span class='ocrx_word' id='word_1_30' title='bbox 1471 742 1559 808; x_wconf 92' lang='lat' dir='ltr'>dete-</span> 
     </span>
     <span class='ocr_line' id='line_1_5' title="bbox 201 839 1559 925; baseline 0.004 -21"><span class='ocrx_word' id='word_1_31' title='bbox 201 839 296 906; x_wconf 90' lang='lat' dir='ltr'>rioris</span> <span class='ocrx_word' id='word_1_32' title='bbox 319 840 393 906; x_wconf 89' lang='lat' dir='ltr'>libri</span> <span class='ocrx_word' id='word_1_33' title='bbox 414 840 580 925; x_wconf 89' lang='lat' dir='ltr'>lectiones,</span> <span class='ocrx_word' id='word_1_34' title='bbox 611 840 638 906; x_wconf 90' lang='lat' dir='ltr'>si</span> <span class='ocrx_word' id='word_1_35' title='bbox 665 840 797 906; x_wconf 86' lang='lat' dir='ltr'>aliunde</span> <span class='ocrx_word' id='word_1_36' title='bbox 829 840 1146 925; x_wconf 90' lang='lat' dir='ltr'>commendabantur,</span> <span class='ocrx_word' id='word_1_37' title='bbox 1178 862 1229 908; x_wconf 90' lang='lat' dir='ltr'>me</span> <span class='ocrx_word' id='word_1_38' title='bbox 1262 842 1377 908; x_wconf 86' lang='lat' dir='ltr'>ceteris</span> <span class='ocrx_word' id='word_1_39' title='bbox 1412 843 1559 909; x_wconf 89' lang='lat' dir='ltr'>omnibus</span> 
     </span>
     <span class='ocr_line' id='line_1_6' title="bbox 201 940 1561 1029; baseline 0.003 -23"><span class='ocrx_word' id='word_1_40' title='bbox 201 941 394 1025; x_wconf 85' lang='lat' dir='ltr'>praetulisse</span> <span class='ocrx_word' id='word_1_41' title='bbox 416 948 667 1009; x_wconf 90' lang='lat' dir='ltr'>consentaneum</span> <span class='ocrx_word' id='word_1_42' title='bbox 690 949 750 1008; x_wconf 89' lang='lat' dir='ltr'>est.</span> <span class='ocrx_word' id='word_1_43' title='bbox 805 940 898 1019; x_wconf 82' lang='lat' dir='ltr'>Quod</span> <span class='ocrx_word' id='word_1_44' title='bbox 931 961 1002 1007; x_wconf 88' lang='lat' dir='ltr'>cum</span> <span class='ocrx_word' id='word_1_45' title='bbox 1036 942 1068 1006; x_wconf 93' lang='lat' dir='ltr'>in</span> <span class='ocrx_word' id='word_1_46' title='bbox 1104 942 1187 1025; x_wconf 94' lang='lat' dir='ltr'>aliis,</span> <span class='ocrx_word' id='word_1_47' title='bbox 1219 951 1287 1008; x_wconf 93' lang='lat' dir='ltr'>tum</span> <span class='ocrx_word' id='word_1_48' title='bbox 1322 944 1494 1029; x_wconf 86' lang='lat' dir='ltr'>praecipue</span> <span class='ocrx_word' id='word_1_49' title='bbox 1527 946 1561 1010; x_wconf 94' lang='lat' dir='ltr'>in</span> 
     </span>
     <span class='ocr_line' id='line_1_7' title="bbox 201 1043 1560 1128; baseline 0.001 -20"><span class='ocrx_word' id='word_1_50' title='bbox 201 1043 297 1109; x_wconf 89' lang='lat' dir='ltr'>rebus</span> <span class='ocrx_word' id='word_1_51' title='bbox 319 1043 576 1128; x_wconf 74' lang='lat' dir='ltr'>orthographicis</span> <span class='ocrx_word' id='word_1_52' title='bbox 596 1044 716 1110; x_wconf 83' lang='lat' dir='ltr'>factum</span> <span class='ocrx_word' id='word_1_53' title='bbox 738 1052 796 1110; x_wconf 86' lang='lat' dir='ltr'>est.</span> <span class='ocrx_word' id='word_1_54' title='bbox 841 1043 941 1109; x_wconf 81' lang='lat' dir='ltr'>Elinia</span> <span class='ocrx_word' id='word_1_55' title='bbox 965 1043 1049 1110; x_wconf 93' lang='lat' dir='ltr'>enim</span> <span class='ocrx_word' id='word_1_56' title='bbox 1072 1051 1104 1110; x_wconf 91' lang='lat' dir='ltr'>et</span> <span class='ocrx_word' id='word_1_57' title='bbox 1126 1044 1225 1110; x_wconf 92' lang='lat' dir='ltr'>crasis</span> <span class='ocrx_word' id='word_1_58' title='bbox 1247 1045 1279 1110; x_wconf 94' lang='lat' dir='ltr'>in</span> <span class='ocrx_word' id='word_1_59' title='bbox 1303 1044 1448 1112; x_wconf 90' lang='lat' dir='ltr'>Philonis</span> <span class='ocrx_word' id='word_1_60' title='bbox 1471 1046 1560 1111; x_wconf 92' lang='lat' dir='ltr'>libris</span> 
     </span>
     <span class='ocr_line' id='line_1_8' title="bbox 201 1145 1560 1233; baseline 0.003 -24"><span class='ocrx_word' id='word_1_61' title='bbox 201 1145 297 1210; x_wconf 91' lang='lat' dir='ltr'>modo</span> <span class='ocrx_word' id='word_1_62' title='bbox 320 1145 476 1228; x_wconf 89' lang='lat' dir='ltr'>adhibita,</span> <span class='ocrx_word' id='word_1_63' title='bbox 498 1145 594 1210; x_wconf 92' lang='lat' dir='ltr'>modo</span> <span class='ocrx_word' id='word_1_64' title='bbox 617 1148 766 1229; x_wconf 88' lang='lat' dir='ltr'>neglecta</span> <span class='ocrx_word' id='word_1_65' title='bbox 788 1152 846 1230; x_wconf 87' lang='lat' dir='ltr'>est,</span> <span class='ocrx_word' id='word_1_66' title='bbox 869 1166 929 1212; x_wconf 91' lang='lat' dir='ltr'>nec</span> <span class='ocrx_word' id='word_1_67' title='bbox 944 1145 1085 1212; x_wconf 82' lang='lat' dir='ltr'>interae</span> <span class='ocrx_word' id='word_1_68' title='bbox 1108 1153 1231 1212; x_wconf 88' lang='lat' dir='ltr'>tantum</span> <span class='ocrx_word' id='word_1_69' title='bbox 1253 1146 1382 1212; x_wconf 90' lang='lat' dir='ltr'>codices</span> <span class='ocrx_word' id='word_1_70' title='bbox 1398 1147 1560 1233; x_wconf 84' lang='lat' dir='ltr'>differunt,</span> 
     </span>
     <span class='ocr_line' id='line_1_9' title="bbox 201 1246 1561 1333; baseline 0.001 -21"><span class='ocrx_word' id='word_1_71' title='bbox 201 1246 260 1312; x_wconf 91' lang='lat' dir='ltr'>sed</span> <span class='ocrx_word' id='word_1_72' title='bbox 282 1248 376 1312; x_wconf 91' lang='lat' dir='ltr'>unius</span> <span class='ocrx_word' id='word_1_73' title='bbox 398 1254 496 1330; x_wconf 90' lang='lat' dir='ltr'>atque</span> <span class='ocrx_word' id='word_1_74' title='bbox 519 1247 662 1314; x_wconf 92' lang='lat' dir='ltr'>eiusdem</span> <span class='ocrx_word' id='word_1_75' title='bbox 685 1247 717 1312; x_wconf 89' lang='lat' dir='ltr'>in</span> <span class='ocrx_word' id='word_1_76' title='bbox 741 1247 875 1331; x_wconf 90' lang='lat' dir='ltr'>singulis</span> <span class='ocrx_word' id='word_1_77' title='bbox 897 1248 975 1314; x_wconf 88' lang='lat' dir='ltr'>locis</span> <span class='ocrx_word' id='word_1_78' title='bbox 996 1248 1102 1314; x_wconf 86' lang='lat' dir='ltr'>variat</span> <span class='ocrx_word' id='word_1_79' title='bbox 1123 1269 1209 1333; x_wconf 91' lang='lat' dir='ltr'>usus,</span> <span class='ocrx_word' id='word_1_80' title='bbox 1232 1249 1278 1314; x_wconf 89' lang='lat' dir='ltr'>ita</span> <span class='ocrx_word' id='word_1_81' title='bbox 1301 1255 1337 1314; x_wconf 90' lang='lat' dir='ltr'>ut</span> <span class='ocrx_word' id='word_1_82' title='bbox 1359 1269 1414 1315; x_wconf 91' lang='lat' dir='ltr'>eos</span> <span class='ocrx_word' id='word_1_83' title='bbox 1437 1250 1561 1315; x_wconf 92' lang='lat' dir='ltr'>nullam</span> 
     </span>
     <span class='ocr_line' id='line_1_10' title="bbox 202 1349 1562 1434; baseline -0.001 -18"><span class='ocrx_word' id='word_1_84' title='bbox 202 1356 322 1416; x_wconf 85' lang='lat' dir='ltr'>certam</span> <span class='ocrx_word' id='word_1_85' title='bbox 345 1368 491 1415; x_wconf 92' lang='lat' dir='ltr'>normam</span> <span class='ocrx_word' id='word_1_86' title='bbox 513 1349 603 1432; x_wconf 90' lang='lat' dir='ltr'>sequi</span> <span class='ocrx_word' id='word_1_87' title='bbox 626 1357 794 1433; x_wconf 89' lang='lat' dir='ltr'>appareat.</span> <span class='ocrx_word' id='word_1_88' title='bbox 839 1349 986 1416; x_wconf 85' lang='lat' dir='ltr'>Dubitari</span> <span class='ocrx_word' id='word_1_89' title='bbox 1019 1372 1084 1416; x_wconf 91' lang='lat' dir='ltr'>non</span> <span class='ocrx_word' id='word_1_90' title='bbox 1117 1357 1225 1434; x_wconf 88' lang='lat' dir='ltr'>potest</span> <span class='ocrx_word' id='word_1_91' title='bbox 1257 1351 1333 1433; x_wconf 90' lang='lat' dir='ltr'>quin</span> <span class='ocrx_word' id='word_1_92' title='bbox 1360 1350 1393 1415; x_wconf 90' lang='lat' dir='ltr'>in</span> <span class='ocrx_word' id='word_1_93' title='bbox 1420 1350 1562 1434; x_wconf 89' lang='lat' dir='ltr'>antiquis</span> 
     </span>
     <span class='ocr_line' id='line_1_11' title="bbox 202 1449 1563 1536; baseline 0.002 -21"><span class='ocrx_word' id='word_1_94' title='bbox 202 1450 291 1516; x_wconf 89' lang='lat' dir='ltr'>libris</span> <span class='ocrx_word' id='word_1_95' title='bbox 318 1451 371 1534; x_wconf 85' lang='lat' dir='ltr'>[ef.</span> <span class='ocrx_word' id='word_1_96' title='bbox 396 1449 488 1516; x_wconf 82' lang='lat' dir='ltr'>Oohn</span> <span class='ocrx_word' id='word_1_97' title='bbox 510 1452 577 1534; x_wconf 79' lang='lat' dir='ltr'>xor]</span> <span class='ocrx_word' id='word_1_98' title='bbox 603 1450 802 1534; x_wconf 87' lang='lat' dir='ltr'>frequentius</span> <span class='ocrx_word' id='word_1_99' title='bbox 830 1451 921 1517; x_wconf 88' lang='lat' dir='ltr'>elisio</span> <span class='ocrx_word' id='word_1_100' title='bbox 944 1451 1032 1517; x_wconf 85' lang='lat' dir='ltr'>facta</span> <span class='ocrx_word' id='word_1_101' title='bbox 1057 1453 1099 1518; x_wconf 90' lang='lat' dir='ltr'>sit</span> <span class='ocrx_word' id='word_1_102' title='bbox 1130 1472 1226 1536; x_wconf 92' lang='lat' dir='ltr'>quam</span> <span class='ocrx_word' id='word_1_103' title='bbox 1252 1455 1285 1519; x_wconf 94' lang='lat' dir='ltr'>in</span> <span class='ocrx_word' id='word_1_104' title='bbox 1313 1453 1495 1519; x_wconf 88' lang='lat' dir='ltr'>recentibus</span> <span class='ocrx_word' id='word_1_105' title='bbox 1517 1461 1563 1518; x_wconf 89' lang='lat' dir='ltr'>at·</span> 
     </span>
     <span class='ocr_line' id='line_1_12' title="bbox 202 1551 1562 1639; baseline 0.003 -22"><span class='ocrx_word' id='word_1_106' title='bbox 202 1572 265 1635; x_wconf 89' lang='lat' dir='ltr'>que</span> <span class='ocrx_word' id='word_1_107' title='bbox 279 1552 438 1637; x_wconf 82' lang='lat' dir='ltr'>corruptis</span> <span class='ocrx_word' id='word_1_108' title='bbox 452 1552 527 1637; x_wconf 90' lang='lat' dir='ltr'>illis,</span> <span class='ocrx_word' id='word_1_109' title='bbox 550 1552 665 1636; x_wconf 89' lang='lat' dir='ltr'>quibus</span> <span class='ocrx_word' id='word_1_110' title='bbox 680 1574 739 1619; x_wconf 91' lang='lat' dir='ltr'>nos</span> <span class='ocrx_word' id='word_1_111' title='bbox 762 1551 808 1617; x_wconf 91' lang='lat' dir='ltr'>uti</span> <span class='ocrx_word' id='word_1_112' title='bbox 824 1551 976 1634; x_wconf 83' lang='lat' dir='ltr'>cogimur.</span> <span class='ocrx_word' id='word_1_113' title='bbox 1012 1554 1163 1620; x_wconf 89' lang='lat' dir='ltr'>Videmus</span> <span class='ocrx_word' id='word_1_114' title='bbox 1185 1554 1270 1619; x_wconf 94' lang='lat' dir='ltr'>enim</span> <span class='ocrx_word' id='word_1_115' title='bbox 1293 1575 1366 1621; x_wconf 93' lang='lat' dir='ltr'>eam</span> <span class='ocrx_word' id='word_1_116' title='bbox 1389 1554 1562 1639; x_wconf 89' lang='lat' dir='ltr'>praecipue</span> 
     </span>
     <span class='ocr_line' id='line_1_13' title="bbox 201 1653 1563 1740; baseline 0.002 -23"><span class='ocrx_word' id='word_1_117' title='bbox 201 1653 267 1719; x_wconf 93' lang='lat' dir='ltr'>illis</span> <span class='ocrx_word' id='word_1_118' title='bbox 289 1655 368 1720; x_wconf 91' lang='lat' dir='ltr'>locis</span> <span class='ocrx_word' id='word_1_119' title='bbox 390 1661 552 1720; x_wconf 85' lang='lat' dir='ltr'>servatam</span> <span class='ocrx_word' id='word_1_120' title='bbox 575 1675 657 1738; x_wconf 91' lang='lat' dir='ltr'>esse,</span> <span class='ocrx_word' id='word_1_121' title='bbox 681 1655 735 1720; x_wconf 91' lang='lat' dir='ltr'>ubi</span> <span class='ocrx_word' id='word_1_122' title='bbox 757 1674 940 1721; x_wconf 89' lang='lat' dir='ltr'>consonans</span> <span class='ocrx_word' id='word_1_123' title='bbox 966 1654 1080 1720; x_wconf 88' lang='lat' dir='ltr'>ultima</span> <span class='ocrx_word' id='word_1_124' title='bbox 1112 1675 1229 1739; x_wconf 90' lang='lat' dir='ltr'>aspero</span> <span class='ocrx_word' id='word_1_125' title='bbox 1252 1656 1366 1740; x_wconf 90' lang='lat' dir='ltr'>spiritu</span> <span class='ocrx_word' id='word_1_126' title='bbox 1399 1657 1563 1739; x_wconf 90' lang='lat' dir='ltr'>sequentis</span> 
     </span>
     <span class='ocr_line' id='line_1_14' title="bbox 202 1756 1557 1844; baseline -0.001 -21"><span class='ocrx_word' id='word_1_127' title='bbox 202 1757 292 1823; x_wconf 85' lang='lat' dir='ltr'>verbi</span> <span class='ocrx_word' id='word_1_128' title='bbox 321 1757 519 1840; x_wconf 82' lang='lat' dir='ltr'>mutabatur,</span> <span class='ocrx_word' id='word_1_129' title='bbox 549 1758 638 1822; x_wconf 86' lang='lat' dir='ltr'>velut</span> <span class='ocrx_word' id='word_1_130' title='bbox 664 1757 741 1840; x_wconf 81' lang='lat'>5,21</span> <span class='ocrx_word' id='word_1_131' title='bbox 764 1756 852 1821; x_wconf 79' lang='grc' dir='ltr'><strong>πάνθ’</strong></span> <span class='ocrx_word' id='word_1_132' title='bbox 881 1756 950 1840; x_wconf 83' lang='grc' dir='ltr'>ὅσα;</span> <span class='ocrx_word' id='word_1_133' title='bbox 986 1758 1061 1841; x_wconf 83' lang='grc'><strong>14,3</strong></span> <span class='ocrx_word' id='word_1_134' title='bbox 1089 1756 1207 1822; x_wconf 73' lang='grc' dir='ltr'>κᾶπειθ’</span> <span class='ocrx_word' id='word_1_135' title='bbox 1236 1758 1347 1844; x_wconf 79' lang='grc' dir='ltr'>ὑφαιρ.;</span> <span class='ocrx_word' id='word_1_136' title='bbox 1382 1759 1456 1841; x_wconf 78' lang='grc'>14,7</span> <span class='ocrx_word' id='word_1_137' title='bbox 1481 1757 1557 1822; x_wconf 77' lang='grc' dir='ltr'>ὥσθ’</span> 
     </span>
     <span class='ocr_line' id='line_1_15' title="bbox 202 1858 1565 1945; baseline 0.002 -24"><span class='ocrx_word' id='word_1_138' title='bbox 202 1859 302 1942; x_wconf 59' lang='lat' dir='ltr'>brim</span> <span class='ocrx_word' id='word_1_139' title='bbox 339 1859 415 1941; x_wconf 78' lang='lat'>17,3</span> <span class='ocrx_word' id='word_1_140' title='bbox 441 1858 525 1923; x_wconf 78' lang='grc' dir='ltr'>τοῦθ’</span> <span class='ocrx_word' id='word_1_141' title='bbox 553 1858 645 1942; x_wconf 81' lang='grc' dir='ltr'>ὑγιές;</span> <span class='ocrx_word' id='word_1_142' title='bbox 678 1860 778 1942; x_wconf 81' lang='lat'>21,14</span> <span class='ocrx_word' id='word_1_143' title='bbox 805 1858 870 1922; x_wconf 77' lang='grc' dir='ltr'>ἀνθ’</span> <span class='ocrx_word' id='word_1_144' title='bbox 899 1860 1017 1943; x_wconf 70' lang='lat' dir='ltr'>tector,</span> <span class='ocrx_word' id='word_1_145' title='bbox 1051 1860 1150 1943; x_wconf 79' lang='lat'>22,15</span> <span class='ocrx_word' id='word_1_146' title='bbox 1176 1859 1258 1923; x_wconf 78' lang='grc' dir='ltr'><strong>τοῦθ’</strong></span> <span class='ocrx_word' id='word_1_147' title='bbox 1287 1861 1376 1945; x_wconf 78' lang='grc' dir='ltr'>ἅπαν;</span> <span class='ocrx_word' id='word_1_148' title='bbox 1406 1860 1485 1943; x_wconf 79' lang='grc'><strong>25,6</strong></span> <span class='ocrx_word' id='word_1_149' title='bbox 1513 1863 1565 1942; x_wconf 76' lang='grc' dir='ltr'>μά</span> 
     </span>
     <span class='ocr_line' id='line_1_16' title="bbox 203 1959 1565 2046; baseline 0.002 -24"><span class='ocrx_word' id='word_1_150' title='bbox 203 1959 279 2023; x_wconf 78' lang='lat' dir='ltr'>lrob’</span> <span class='ocrx_word' id='word_1_151' title='bbox 307 1959 377 2044; x_wconf 72' lang='lat' dir='ltr'>deo,</span> <span class='ocrx_word' id='word_1_152' title='bbox 415 1961 518 2045; x_wconf 75' lang='lat'>37,13</span> <span class='ocrx_word' id='word_1_153' title='bbox 545 1960 602 2025; x_wconf 74' lang='grc' dir='ltr'>εἶθ’</span> <span class='ocrx_word' id='word_1_154' title='bbox 635 1961 768 2045; x_wconf 78' lang='grc' dir='ltr'><strong>ὕστερον;</strong></span> <span class='ocrx_word' id='word_1_155' title='bbox 806 1961 887 2043; x_wconf 81' lang='grc'>35,3</span> <span class='ocrx_word' id='word_1_156' title='bbox 914 1960 980 2026; x_wconf 75' lang='grc' dir='ltr'><strong>οὔθ’</strong></span> <span class='ocrx_word' id='word_1_157' title='bbox 1012 1962 1089 2046; x_wconf 77' lang='grc' dir='ltr'>ὕδωρ</span> <span class='ocrx_word' id='word_1_158' title='bbox 1127 1959 1179 2045; x_wconf 81' lang='lat' dir='ltr'>[cf.</span> <span class='ocrx_word' id='word_1_159' title='bbox 1213 1968 1321 2028; x_wconf 89' lang='lat' dir='ltr'>tamen</span> <span class='ocrx_word' id='word_1_160' title='bbox 1352 1962 1413 2045; x_wconf 83' lang='lat'>8,5</span> <span class='ocrx_word' id='word_1_161' title='bbox 1441 1964 1565 2046; x_wconf 77' lang='lat' dir='ltr'>adparet</span> 
     </span>
     <span class='ocr_line' id='line_1_17' title="bbox 204 2061 1565 2150; baseline 0.004 -26"><span class='ocrx_word' id='word_1_162' title='bbox 204 2063 317 2145; x_wconf 77' lang='lat' dir='ltr'>dlmrei;</span> <span class='ocrx_word' id='word_1_163' title='bbox 339 2062 416 2146; x_wconf 79' lang='lat'>35,2</span> <span class='ocrx_word' id='word_1_164' title='bbox 440 2061 506 2126; x_wconf 82' lang='grc' dir='ltr'>οὔτε</span> <span class='ocrx_word' id='word_1_165' title='bbox 529 2063 623 2147; x_wconf 69' lang='lat' dir='ltr'>ddum,</span> <span class='ocrx_word' id='word_1_166' title='bbox 647 2063 733 2146; x_wconf 87' lang='lat'>16,4.</span> <span class='ocrx_word' id='word_1_167' title='bbox 748 2063 787 2126; x_wconf 88' lang='grc'>18</span> <span class='ocrx_word' id='word_1_168' title='bbox 809 2061 881 2126; x_wconf 78' lang='grc' dir='ltr'><strong>αὐτὸ</strong></span> <span class='ocrx_word' id='word_1_169' title='bbox 903 2061 1059 2150; x_wconf 83' lang='grc' dir='ltr'>ὑποκειμ.].</span> <span class='ocrx_word' id='word_1_170' title='bbox 1093 2064 1131 2128; x_wconf 88' lang='grc' dir='ltr'>Ιιι</span> <span class='ocrx_word' id='word_1_171' title='bbox 1155 2063 1204 2127; x_wconf 86' lang='lat' dir='ltr'>his</span> <span class='ocrx_word' id='word_1_172' title='bbox 1227 2064 1312 2128; x_wconf 84' lang='lat' dir='ltr'>enim</span> <span class='ocrx_word' id='word_1_173' title='bbox 1332 2063 1453 2128; x_wconf 83' lang='lat' dir='ltr'>librarii</span> <span class='ocrx_word' id='word_1_174' title='bbox 1475 2083 1565 2129; x_wconf 87' lang='lat' dir='ltr'>error</span> 
     </span>
     <span class='ocr_line' id='line_1_18' title="bbox 202 2162 1563 2250; baseline 0.001 -23"><span class='ocrx_word' id='word_1_175' title='bbox 202 2162 361 2229; x_wconf 87' lang='lat' dir='ltr'>difficilior</span> <span class='ocrx_word' id='word_1_176' title='bbox 384 2170 463 2230; x_wconf 88' lang='lat' dir='ltr'>erat.</span> <span class='ocrx_word' id='word_1_177' title='bbox 497 2165 566 2231; x_wconf 90' lang='lat' dir='ltr'>Nec</span> <span class='ocrx_word' id='word_1_178' title='bbox 589 2164 693 2229; x_wconf 92' lang='lat' dir='ltr'>minus</span> <span class='ocrx_word' id='word_1_179' title='bbox 708 2164 786 2247; x_wconf 88' lang='lat' dir='ltr'>ipsis</span> <span class='ocrx_word' id='word_1_180' title='bbox 801 2164 963 2229; x_wconf 90' lang='lat' dir='ltr'>erroribus</span> <span class='ocrx_word' id='word_1_181' title='bbox 978 2164 1131 2248; x_wconf 89' lang='lat' dir='ltr'>probatur</span> <span class='ocrx_word' id='word_1_182' title='bbox 1152 2166 1184 2229; x_wconf 92' lang='lat' dir='ltr'>in</span> <span class='ocrx_word' id='word_1_183' title='bbox 1201 2165 1379 2250; x_wconf 86' lang='lat' dir='ltr'>archetypo</span> <span class='ocrx_word' id='word_1_184' title='bbox 1396 2164 1563 2230; x_wconf 87' lang='lat' dir='ltr'>elisionem</span> 
     </span>
     <span class='ocr_line' id='line_1_19' title="bbox 203 2265 1563 2351; baseline -0.001 -21"><span class='ocrx_word' id='word_1_185' title='bbox 203 2265 333 2349; x_wconf 86' lang='lat' dir='ltr'>saepius</span> <span class='ocrx_word' id='word_1_186' title='bbox 355 2286 451 2348; x_wconf 89' lang='lat' dir='ltr'>quam</span> <span class='ocrx_word' id='word_1_187' title='bbox 473 2267 506 2330; x_wconf 93' lang='lat' dir='ltr'>in</span> <span class='ocrx_word' id='word_1_188' title='bbox 529 2266 726 2350; x_wconf 82' lang='lat' dir='ltr'>apographis</span> <span class='ocrx_word' id='word_1_189' title='bbox 748 2272 934 2349; x_wconf 88' lang='lat' dir='ltr'>usurpatam</span> <span class='ocrx_word' id='word_1_190' title='bbox 957 2286 1039 2332; x_wconf 90' lang='lat' dir='ltr'>esse.</span> <span class='ocrx_word' id='word_1_191' title='bbox 1081 2267 1164 2332; x_wconf 91' lang='lat' dir='ltr'>Nam</span> <span class='ocrx_word' id='word_1_192' title='bbox 1187 2288 1258 2331; x_wconf 92' lang='lat' dir='ltr'>cum</span> <span class='ocrx_word' id='word_1_193' title='bbox 1281 2267 1357 2351; x_wconf 78' lang='lat'>24,7</span> <span class='ocrx_word' id='word_1_194' title='bbox 1381 2268 1563 2350; x_wconf 75' lang='grc' dir='ltr'>παράδειγμα</span> 
     </span>
     <span class='ocr_line' id='line_1_20' title="bbox 204 2367 1564 2454; baseline 0.001 -24"><span class='ocrx_word' id='word_1_195' title='bbox 204 2367 345 2453; x_wconf 73' lang='grc' dir='ltr'>ἰδιότητος</span> <span class='ocrx_word' id='word_1_196' title='bbox 375 2389 433 2453; x_wconf 90' lang='lat' dir='ltr'>pro</span> <span class='ocrx_word' id='word_1_197' title='bbox 466 2367 639 2454; x_wconf 64' lang='grc' dir='ltr'>παράδειγμ’</span> <span class='ocrx_word' id='word_1_198' title='bbox 668 2368 831 2452; x_wconf 78' lang='grc' dir='ltr'>ἀϊὸιὸτητος</span> <span class='ocrx_word' id='word_1_199' title='bbox 861 2369 913 2434; x_wconf 84' lang='lat' dir='ltr'>vel</span> <span class='ocrx_word' id='word_1_200' title='bbox 942 2369 1040 2451; x_wconf 83' lang='lat'>36,16</span> <span class='ocrx_word' id='word_1_201' title='bbox 1067 2374 1175 2452; x_wconf 76' lang='lat' dir='ltr'>appeler</span> <span class='ocrx_word' id='word_1_202' title='bbox 1205 2370 1242 2433; x_wconf 75' lang='grc' dir='ltr'>τὰ</span> <span class='ocrx_word' id='word_1_203' title='bbox 1275 2389 1333 2452; x_wconf 90' lang='lat' dir='ltr'>pro</span> <span class='ocrx_word' id='word_1_204' title='bbox 1362 2368 1463 2452; x_wconf 78' lang='grc' dir='ltr'>σημεῖ’</span> <span class='ocrx_word' id='word_1_205' title='bbox 1491 2368 1564 2432; x_wconf 82' lang='grc' dir='ltr'><strong><em>ἅττα</em></strong></span> 
     </span>
     <span class='ocr_line' id='line_1_21' title="bbox 204 2469 1566 2555; baseline 0 -20"><span class='ocrx_word' id='word_1_206' title='bbox 204 2476 236 2535; x_wconf 91' lang='lat' dir='ltr'>et</span> <span class='ocrx_word' id='word_1_207' title='bbox 251 2469 371 2536; x_wconf 90' lang='lat' dir='ltr'>similia</span> <span class='ocrx_word' id='word_1_208' title='bbox 385 2469 491 2535; x_wconf 87' lang='lat' dir='ltr'>scriba</span> <span class='ocrx_word' id='word_1_209' title='bbox 506 2470 593 2555; x_wconf 90' lang='lat' dir='ltr'>legit,</span> <span class='ocrx_word' id='word_1_210' title='bbox 617 2489 689 2535; x_wconf 92' lang='lat' dir='ltr'>eum</span> <span class='ocrx_word' id='word_1_211' title='bbox 704 2470 873 2536; x_wconf 88' lang='lat' dir='ltr'>decurtata</span> <span class='ocrx_word' id='word_1_212' title='bbox 897 2469 1068 2535; x_wconf 86' lang='lat' dir='ltr'>verborum</span> <span class='ocrx_word' id='word_1_213' title='bbox 1089 2469 1193 2535; x_wconf 84' lang='lat' dir='ltr'>forma</span> <span class='ocrx_word' id='word_1_214' title='bbox 1208 2472 1377 2555; x_wconf 91' lang='lat' dir='ltr'>deceptum</span> <span class='ocrx_word' id='word_1_215' title='bbox 1402 2491 1474 2536; x_wconf 90' lang='lat' dir='ltr'>esse</span> <span class='ocrx_word' id='word_1_216' title='bbox 1496 2491 1566 2555; x_wconf 90' lang='lat' dir='ltr'>per-</span> 
     </span>
     <span class='ocr_line' id='line_1_22' title="bbox 204 2572 428 2657; baseline 0.009 -21"><span class='ocrx_word' id='word_1_217' title='bbox 204 2572 347 2657; x_wconf 90' lang='lat' dir='ltr'>spicuum</span> <span class='ocrx_word' id='word_1_218' title='bbox 370 2580 428 2638; x_wconf 89' lang='lat' dir='ltr'>est.</span> 
     </span>
    </p>

    <p class='ocr_par' dir='ltr' id='par_1_3' title="bbox 204 2673 1565 3471">
     <span class='ocr_line' id='line_1_23' title="bbox 290 2673 1564 2758; baseline 0.001 -20"><span class='ocrx_word' id='word_1_219' title='bbox 290 2678 442 2740; x_wconf 80' lang='lat' dir='ltr'>Attamen</span> <span class='ocrx_word' id='word_1_220' title='bbox 464 2673 638 2740; x_wconf 85' lang='lat' dir='ltr'>verisimile</span> <span class='ocrx_word' id='word_1_221' title='bbox 654 2696 720 2740; x_wconf 92' lang='lat' dir='ltr'>non</span> <span class='ocrx_word' id='word_1_222' title='bbox 742 2683 791 2741; x_wconf 88' lang='lat' dir='ltr'>est</span> <span class='ocrx_word' id='word_1_223' title='bbox 807 2675 974 2741; x_wconf 91' lang='lat' dir='ltr'>Philonem</span> <span class='ocrx_word' id='word_1_224' title='bbox 1002 2694 1128 2758; x_wconf 87' lang='lat' dir='ltr'>semper</span> <span class='ocrx_word' id='word_1_225' title='bbox 1151 2674 1317 2741; x_wconf 81' lang='lat' dir='ltr'>elisionem</span> <span class='ocrx_word' id='word_1_226' title='bbox 1339 2676 1372 2740; x_wconf 91' lang='lat' dir='ltr'>in</span> <span class='ocrx_word' id='word_1_227' title='bbox 1395 2675 1564 2740; x_wconf 90' lang='lat' dir='ltr'>scribendo</span> 
     </span>
     <span class='ocr_line' id='line_1_24' title="bbox 204 2776 1565 2863; baseline 0.001 -23"><span class='ocrx_word' id='word_1_228' title='bbox 204 2777 383 2852; x_wconf 74' lang='lat' dir='ltr'>notariam,</span> <span class='ocrx_word' id='word_1_229' title='bbox 413 2777 472 2841; x_wconf 92' lang='lat' dir='ltr'>sed</span> <span class='ocrx_word' id='word_1_230' title='bbox 494 2797 534 2843; x_wconf 85' lang='lat' dir='ltr'>ex</span> <span class='ocrx_word' id='word_1_231' title='bbox 556 2777 753 2863; x_wconf 82' lang='lat' dir='ltr'>Philodami,</span> <span class='ocrx_word' id='word_1_232' title='bbox 780 2777 833 2861; x_wconf 89' lang='lat' dir='ltr'>qui</span> <span class='ocrx_word' id='word_1_233' title='bbox 861 2776 975 2842; x_wconf 90' lang='lat' dir='ltr'>eadem</span> <span class='ocrx_word' id='word_1_234' title='bbox 999 2796 1063 2858; x_wconf 87' lang='lat' dir='ltr'>qua</span> <span class='ocrx_word' id='word_1_235' title='bbox 1085 2776 1178 2842; x_wconf 93' lang='lat' dir='ltr'>Philo</span> <span class='ocrx_word' id='word_1_236' title='bbox 1205 2777 1332 2843; x_wconf 91' lang='lat' dir='ltr'>ratione</span> <span class='ocrx_word' id='word_1_237' title='bbox 1358 2777 1482 2842; x_wconf 90' lang='lat' dir='ltr'>hiatum</span> <span class='ocrx_word' id='word_1_238' title='bbox 1509 2776 1565 2842; x_wconf 91' lang='lat' dir='ltr'>eli-</span> 
     </span>
     <span class='ocr_line' id='line_1_25' title="bbox 204 2878 1564 2962; baseline 0.001 -20"><span class='ocrx_word' id='word_1_239' title='bbox 204 2878 295 2943; x_wconf 92' lang='lat' dir='ltr'>sione</span> <span class='ocrx_word' id='word_1_240' title='bbox 318 2878 438 2962; x_wconf 86' lang='lat' dir='ltr'>effugit,</span> <span class='ocrx_word' id='word_1_241' title='bbox 467 2878 684 2943; x_wconf 84' lang='lat' dir='ltr'>voluminibus</span> <span class='ocrx_word' id='word_1_242' title='bbox 706 2878 1001 2945; x_wconf 86' lang='lat' dir='ltr'>Herculanenribus</span> <span class='ocrx_word' id='word_1_243' title='bbox 1027 2884 1164 2961; x_wconf 89' lang='lat' dir='ltr'>apparet</span> <span class='ocrx_word' id='word_1_244' title='bbox 1190 2879 1262 2962; x_wconf 86' lang='lat' dir='ltr'>ipsa</span> <span class='ocrx_word' id='word_1_245' title='bbox 1284 2879 1429 2945; x_wconf 91' lang='lat' dir='ltr'>Philonis</span> <span class='ocrx_word' id='word_1_246' title='bbox 1455 2884 1564 2943; x_wconf 87' lang='lat' dir='ltr'>aetate</span> 
     </span>
     <span class='ocr_line' id='line_1_26' title="bbox 204 2979 1564 3065; baseline 0.001 -22"><span class='ocrx_word' id='word_1_247' title='bbox 204 2986 282 3045; x_wconf 90' lang='lat' dir='ltr'>ante</span> <span class='ocrx_word' id='word_1_248' title='bbox 303 2982 449 3045; x_wconf 85' lang='lat' dir='ltr'>vocalem</span> <span class='ocrx_word' id='word_1_249' title='bbox 471 3004 490 3043; x_wconf 91' lang='grc' dir='ltr'><strong><em>α</em></strong></span> <span class='ocrx_word' id='word_1_250' title='bbox 512 2979 621 3063; x_wconf 78' lang='lat' dir='ltr'>breve,</span> <span class='ocrx_word' id='word_1_251' title='bbox 649 3003 674 3063; x_wconf 81' lang='lat' dir='ltr'>e,</span> <span class='ocrx_word' id='word_1_252' title='bbox 703 2987 773 3046; x_wconf 86' lang='lat' dir='ltr'>oet</span> <span class='ocrx_word' id='word_1_253' title='bbox 795 3005 825 3045; x_wconf 86' lang='lat' dir='ltr'>ro</span> <span class='ocrx_word' id='word_1_254' title='bbox 844 2979 992 3045; x_wconf 84' lang='lat' dir='ltr'>infinitivi</span> <span class='ocrx_word' id='word_1_255' title='bbox 1015 2985 1048 3044; x_wconf 89' lang='lat' dir='ltr'>et</span> <span class='ocrx_word' id='word_1_256' title='bbox 1070 2979 1184 3045; x_wconf 90' lang='lat' dir='ltr'>tertiae</span> <span class='ocrx_word' id='word_1_257' title='bbox 1217 3000 1376 3065; x_wconf 89' lang='lat' dir='ltr'>personae</span> <span class='ocrx_word' id='word_1_258' title='bbox 1410 3000 1496 3064; x_wconf 89' lang='lat' dir='ltr'>pass.</span> <span class='ocrx_word' id='word_1_259' title='bbox 1530 2979 1564 3044; x_wconf 94' lang='lat' dir='ltr'>in</span> 
     </span>
     <span class='ocr_line' id='line_1_27' title="bbox 205 3079 1563 3168; baseline 0 -23"><span class='ocrx_word' id='word_1_260' title='bbox 205 3081 294 3147; x_wconf 88' lang='lat' dir='ltr'>libris</span> <span class='ocrx_word' id='word_1_261' title='bbox 318 3083 505 3166; x_wconf 90' lang='lat' dir='ltr'>plerumque</span> <span class='ocrx_word' id='word_1_262' title='bbox 528 3081 647 3148; x_wconf 90' lang='lat' dir='ltr'>omissa</span> <span class='ocrx_word' id='word_1_263' title='bbox 674 3101 756 3168; x_wconf 88' lang='lat' dir='ltr'>esse,</span> <span class='ocrx_word' id='word_1_264' title='bbox 791 3082 949 3148; x_wconf 91' lang='lat' dir='ltr'>interdum</span> <span class='ocrx_word' id='word_1_265' title='bbox 983 3087 1092 3147; x_wconf 87' lang='lat' dir='ltr'>tamen</span> <span class='ocrx_word' id='word_1_266' title='bbox 1124 3082 1303 3167; x_wconf 88' lang='lat' dir='ltr'>perscripta</span> <span class='ocrx_word' id='word_1_267' title='bbox 1311 3082 1344 3167; x_wconf 84' lang='lat'>¹).</span> <span class='ocrx_word' id='word_1_268' title='bbox 1402 3079 1462 3159; x_wconf 79' lang='lat' dir='ltr'>Qui</span> <span class='ocrx_word' id='word_1_269' title='bbox 1497 3088 1563 3146; x_wconf 94' lang='lat' dir='ltr'>tum</span> 
     </span>
     <span class='ocr_line' id='line_1_28' title="bbox 206 3183 1564 3267; baseline 0 -19"><span class='ocrx_word' id='word_1_270' title='bbox 206 3183 372 3267; x_wconf 90' lang='lat' dir='ltr'>recitabat,</span> <span class='ocrx_word' id='word_1_271' title='bbox 395 3184 465 3249; x_wconf 92' lang='lat' dir='ltr'>sine</span> <span class='ocrx_word' id='word_1_272' title='bbox 488 3184 587 3249; x_wconf 90' lang='lat' dir='ltr'>dubio</span> <span class='ocrx_word' id='word_1_273' title='bbox 610 3192 715 3249; x_wconf 88' lang='lat' dir='ltr'>mutas</span> <span class='ocrx_word' id='word_1_274' title='bbox 737 3184 811 3249; x_wconf 93' lang='lat' dir='ltr'>illas</span> <span class='ocrx_word' id='word_1_275' title='bbox 833 3184 964 3249; x_wconf 81' lang='lat' dir='ltr'>vocales</span> <span class='ocrx_word' id='word_1_276' title='bbox 992 3205 1057 3249; x_wconf 93' lang='lat' dir='ltr'>non</span> <span class='ocrx_word' id='word_1_277' title='bbox 1084 3183 1277 3267; x_wconf 85' lang='lat' dir='ltr'>proferebat.</span> <span class='ocrx_word' id='word_1_278' title='bbox 1322 3183 1437 3267; x_wconf 89' lang='lat' dir='ltr'>ltaque</span> <span class='ocrx_word' id='word_1_279' title='bbox 1459 3184 1564 3249; x_wconf 91' lang='lat' dir='ltr'>elisio·</span> 
     </span>
     <span class='ocr_line' id='line_1_29' title="bbox 205 3285 1563 3370; baseline -0.001 -19"><span class='ocrx_word' id='word_1_280' title='bbox 205 3305 278 3351; x_wconf 95' lang='lat' dir='ltr'>nem</span> <span class='ocrx_word' id='word_1_281' title='bbox 302 3293 334 3351; x_wconf 91' lang='lat' dir='ltr'>et</span> <span class='ocrx_word' id='word_1_282' title='bbox 351 3285 456 3351; x_wconf 89' lang='lat' dir='ltr'>crasin</span> <span class='ocrx_word' id='word_1_283' title='bbox 479 3286 670 3370; x_wconf 88' lang='lat' dir='ltr'>ubicumque</span> <span class='ocrx_word' id='word_1_284' title='bbox 693 3286 745 3352; x_wconf 83' lang='lat' dir='ltr'>rel</span> <span class='ocrx_word' id='word_1_285' title='bbox 768 3285 810 3350; x_wconf 90' lang='lat' dir='ltr'>ab</span> <span class='ocrx_word' id='word_1_286' title='bbox 826 3306 889 3350; x_wconf 95' lang='lat' dir='ltr'>uno</span> <span class='ocrx_word' id='word_1_287' title='bbox 911 3285 1023 3351; x_wconf 92' lang='lat' dir='ltr'>codice</span> <span class='ocrx_word' id='word_1_288' title='bbox 1044 3285 1165 3351; x_wconf 91' lang='lat' dir='ltr'>tradita</span> <span class='ocrx_word' id='word_1_289' title='bbox 1187 3292 1257 3352; x_wconf 92' lang='lat' dir='ltr'>erat</span> <span class='ocrx_word' id='word_1_290' title='bbox 1278 3285 1483 3369; x_wconf 89' lang='lat' dir='ltr'>adhibeham,</span> <span class='ocrx_word' id='word_1_291' title='bbox 1507 3285 1563 3350; x_wconf 92' lang='lat' dir='ltr'>ubi</span> 
     </span>
     <span class='ocr_line' id='line_1_30' title="bbox 205 3388 592 3471; baseline 0 -18"><span class='ocrx_word' id='word_1_292' title='bbox 205 3407 227 3453; x_wconf 89' lang='lat' dir='ltr'>a</span> <span class='ocrx_word' id='word_1_293' title='bbox 248 3388 347 3471; x_wconf 90' lang='lat' dir='ltr'>nullo,</span> <span class='ocrx_word' id='word_1_294' title='bbox 369 3388 592 3471; x_wconf 84' lang='lat' dir='ltr'>neglegebam.</span> 
     </span>
    </p>
   </div>
   <div class='ocr_carea' id='block_1_3' title="bbox 207 3652 1564 3896">
    <p class='ocr_par' dir='ltr' id='par_1_4' title="bbox 207 3652 1564 3896">
     <span class='ocr_line' id='line_1_31' title="bbox 280 3652 1564 3722; baseline -0.001 -17"><span class='ocrx_word' id='word_1_295' title='bbox 280 3654 297 3715; x_wconf 90' lang='lat'>¹)</span> <span class='ocrx_word' id='word_1_296' title='bbox 316 3653 354 3706; x_wconf 88' lang='lat' dir='ltr'>De</span> <span class='ocrx_word' id='word_1_297' title='bbox 372 3653 421 3705; x_wconf 86' lang='lat' dir='ltr'>hac</span> <span class='ocrx_word' id='word_1_298' title='bbox 440 3670 466 3707; x_wconf 93' lang='lat' dir='ltr'>re</span> <span class='ocrx_word' id='word_1_299' title='bbox 485 3670 517 3706; x_wconf 83' lang='lat' dir='ltr'>ex</span> <span class='ocrx_word' id='word_1_300' title='bbox 536 3653 703 3707; x_wconf 84' lang='lat' dir='ltr'>collectaneis</span> <span class='ocrx_word' id='word_1_301' title='bbox 722 3653 777 3706; x_wconf 90' lang='lat' dir='ltr'>suis</span> <span class='ocrx_word' id='word_1_302' title='bbox 796 3668 836 3705; x_wconf 93' lang='lat' dir='ltr'>me</span> <span class='ocrx_word' id='word_1_303' title='bbox 860 3653 965 3706; x_wconf 82' lang='lat' dir='ltr'>edocuit</span> <span class='ocrx_word' id='word_1_304' title='bbox 984 3653 1121 3718; x_wconf 71' lang='lat' dir='ltr'>Dielssiua</span> <span class='ocrx_word' id='word_1_305' title='bbox 1146 3654 1190 3722; x_wconf 88' lang='lat' dir='ltr'>qui</span> <span class='ocrx_word' id='word_1_306' title='bbox 1216 3654 1361 3707; x_wconf 72' lang='lat' dir='ltr'>unriurein</span> <span class='ocrx_word' id='word_1_307' title='bbox 1380 3652 1459 3704; x_wconf 83' lang='lat' dir='ltr'>variis</span> <span class='ocrx_word' id='word_1_308' title='bbox 1477 3652 1564 3705; x_wconf 90' lang='lat' dir='ltr'>Philo-</span> 
     </span>
     <span class='ocr_line' id='line_1_32' title="bbox 207 3738 1564 3809; baseline -0.001 -17"><span class='ocrx_word' id='word_1_309' title='bbox 207 3740 275 3792; x_wconf 88' lang='lat' dir='ltr'>demi</span> <span class='ocrx_word' id='word_1_310' title='bbox 294 3742 418 3808; x_wconf 89' lang='lat' dir='ltr'>operibus</span> <span class='ocrx_word' id='word_1_311' title='bbox 438 3741 526 3793; x_wconf 87' lang='lat' dir='ltr'>hiatus</span> <span class='ocrx_word' id='word_1_312' title='bbox 544 3741 631 3809; x_wconf 81' lang='lat' dir='ltr'>fugam</span> <span class='ocrx_word' id='word_1_313' title='bbox 652 3741 813 3806; x_wconf 80' lang='lat' dir='ltr'>observarit,</span> <span class='ocrx_word' id='word_1_314' title='bbox 836 3742 873 3793; x_wconf 80' lang='lat' dir='ltr'>ita</span> <span class='ocrx_word' id='word_1_315' title='bbox 891 3746 920 3792; x_wconf 91' lang='lat' dir='ltr'>ut</span> <span class='ocrx_word' id='word_1_316' title='bbox 938 3755 985 3809; x_wconf 91' lang='lat' dir='ltr'>pro</span> <span class='ocrx_word' id='word_1_317' title='bbox 1008 3742 1134 3806; x_wconf 89' lang='lat' dir='ltr'>cuiusque</span> <span class='ocrx_word' id='word_1_318' title='bbox 1157 3741 1239 3795; x_wconf 89' lang='lat' dir='ltr'>libelli</span> <span class='ocrx_word' id='word_1_319' title='bbox 1257 3745 1351 3794; x_wconf 79' lang='lat' dir='ltr'>natura</span> <span class='ocrx_word' id='word_1_320' title='bbox 1373 3744 1399 3792; x_wconf 91' lang='lat' dir='ltr'>et</span> <span class='ocrx_word' id='word_1_321' title='bbox 1417 3738 1469 3791; x_wconf 90' lang='lat' dir='ltr'>fine</span> <span class='ocrx_word' id='word_1_322' title='bbox 1488 3740 1564 3791; x_wconf 90' lang='lat' dir='ltr'>modo</span> 
     </span>
     <span class='ocr_line' id='line_1_33' title="bbox 208 3826 1436 3896; baseline -0.003 -16"><span class='ocrx_word' id='word_1_323' title='bbox 208 3829 361 3881; x_wconf 84' lang='lat' dir='ltr'>severiorem</span> <span class='ocrx_word' id='word_1_324' title='bbox 381 3843 408 3881; x_wconf 88' lang='lat' dir='ltr'>se</span> <span class='ocrx_word' id='word_1_325' title='bbox 427 3829 550 3896; x_wconf 85' lang='lat' dir='ltr'>praebeat</span> <span class='ocrx_word' id='word_1_326' title='bbox 567 3827 677 3880; x_wconf 89' lang='lat' dir='ltr'>Philone</span> <span class='ocrx_word' id='word_1_327' title='bbox 696 3826 772 3880; x_wconf 92' lang='lat' dir='ltr'>modo</span> <span class='ocrx_word' id='word_1_328' title='bbox 791 3828 976 3889; x_wconf 68' lang='lat' dir='ltr'>remissiorem</span> <span class='ocrx_word' id='word_1_329' title='bbox 996 3827 1028 3880; x_wconf 83' lang='lat' dir='ltr'>ct.</span> <span class='ocrx_word' id='word_1_330' title='bbox 1047 3827 1156 3880; x_wconf 86' lang='lat' dir='ltr'>llermee</span> <span class='ocrx_word' id='word_1_331' title='bbox 1175 3828 1225 3879; x_wconf 85' lang='lat' dir='ltr'>vol.</span> <span class='ocrx_word' id='word_1_332' title='bbox 1239 3827 1306 3880; x_wconf 86' lang='lat' dir='ltr'>Xlll</span> <span class='ocrx_word' id='word_1_333' title='bbox 1323 3827 1379 3895; x_wconf 71' lang='lat' dir='ltr'>pt</span> <span class='ocrx_word' id='word_1_334' title='bbox 1398 3841 1436 3894; x_wconf 85' lang='lat' dir='ltr'>sq.</span> 
     </span>
    </p>
   </div>
   <div class='ocr_carea' id='block_1_4' title="bbox 686 4099 1087 4108">
    <p class='ocr_par' dir='ltr' id='par_1_5' title="bbox 686 4099 1087 4108">
     <span class='ocr_line' id='line_1_34' title="bbox 686 4099 1087 4108; baseline -0.002 -1"><span class='ocrx_word' id='word_1_335' title='bbox 686 4099 1087 4108; x_wconf 77' lang='lat'><strong>————-</strong></span> 
     </span>
    </p>
   </div>
   <div class='ocr_carea' id='block_1_5' title="bbox 0 0 1776 5394">
    <p class='ocr_par' dir='ltr' id='par_1_6' title="bbox 0 0 1776 5394">
     <span class='ocr_line' id='line_1_35' title="bbox 0 0 1776 5394; baseline 0 0"><span class='ocrx_word' id='word_1_336' title='bbox 0 0 1776 5394; x_wconf 95' lang='lat' dir='ltr'> </span> 
     </span>
    </p>
   </div>
  </div>
 </body>
</html>
