3532 5394
199 363 240 428 32
800 360 951 417 ΦΙΛΩΝΟΣ

257 534 459 618 παχυνομένου
483 533 509 597 δ’
530 534 570 598 ἔτι
595 539 702 618 μᾶλλον
726 536 828 603 ῦῦατυς
855 536 927 598 κατὰ
951 536 1001 617 τἠν
1025 536 1065 602 εἰς
1087 540 1151 618 γῆν,
1177 535 1210 596 τό
1234 534 1407 597 πυκνότατον
1439 539 1494 595 τῶν

254 637 416 721 στοιχείων,
440 638 612 722 μεταβολήν.
658 635 718 702 ἔστι
741 640 777 721 ῦῆ
800 643 888 700 ταῦτα
911 637 988 721 παρά
1011 637 1061 705 τάς
1084 636 1180 706 κοινάς
1203 635 1310 705 ἐννοίας
1332 643 1390 698 τών
1413 638 1493 699 ῦυνα-

254 736 347 819 μένων
370 740 545 802 ἀκολουθίαν
568 742 744 825 πραγμάτων
766 741 976 822 ἐκλογίζεσθαι.
1002 740 1005 821 ξ

1550 629 1569 669 l'

338 841 388 905 20.
432 842 506 926 Δίχα
529 841 621 905 τοίνυν
638 850 694 905 τών
710 843 869 925 εἰρημένων
892 843 1014 926 κάκείνιρ
1038 841 1173 927 χρήσαιτ’
1194 841 1228 905 ἄν
1244 866 1285 912 τις
1299 843 1339 911 εἰς
1354 844 1456 909 πίστιν,
1479 857 1553 901 αουιι

221 961 236 1009 5
256 939 271 1003 ό
294 943 430 1012 καὶτοὺς
453 944 493 1026 μῆ
517 945 590 1027 πέρα
613 947 663 1006 τοῦ
687 944 802 1026 μετρίου
825 947 979 1027 φιλονικεῖν
995 944 1183 1027 αἱρουμένους
1197 944 1400 1007 ἐπισπάσεται.
1439 951 1496 1007 τῶν

255 1045 283 1107 ἐν
305 1049 366 1114 ταῖς
388 1047 532 1128 συζυγίαις
553 1047 686 1108 ἐναντίων
710 1046 862 1129 ἀμήχανον
885 1046 917 1107 τό
941 1045 992 1126 μὲν
1016 1045 1097 1119 εἰναι,
1120 1048 1152 1109 τό
1175 1047 1207 1109 δὲ
1231 1049 1285 1129 μῆ·
1316 1050 1419 1109 λευκοῦ
1441 1048 1496 1130 γάρ

254 1146 334 1217 όντος
356 1149 465 1231 ἀνάγκη
489 1151 536 1211 καὶ
559 1149 648 1232 μέλαν
671 1149 822 1233 ὑπάρχειν,
845 1149 892 1210 καὶ
916 1149 1040 1229 μεγάλου
1064 1148 1159 1234 βραχὺ
1181 1150 1229 1211 καί
1245 1154 1377 1233 περιττοῦ
1400 1148 1496 1233 ἄρτιον

253 1252 301 1314 καί
323 1251 441 1334 γλυκέος
463 1253 563 1335 πικρόν
586 1253 633 1314 καὶ
655 1251 766 1335 ῆμέρας
788 1252 876 1313 νόκτα
904 1252 950 1313 καὶ
974 1252 1028 1314 ὅσα
1051 1252 1160 1319 τούτοις
1186 1252 1373 1336 ὁμοιότροπα.
1417 1275 1496 1334 γενο-
1524 1268 1539 1309 σ

256 1355 344 1438 μένης
366 1354 390 1418 δ’
412 1355 607 1438 ἐκπυρώσεως
630 1354 769 1418 ἀδύνατόν
791 1379 817 1416 τι
840 1355 1086 1439 συμβήσεταιήτό
1110 1355 1235 1439 μὲνγὰρ
1259 1355 1354 1437 ἕτερον
1378 1355 1496 1437 ὑπάρξει

206 1477 235 1524 ιο
255 1463 311 1519 τῶν
335 1458 364 1520 ἐν
380 1463 442 1527 ταῖς
456 1458 609 1540 συζυγίαις,
632 1460 664 1520 τό
681 1457 706 1521 δ’
728 1458 824 1541 ἕτερον
841 1457 894 1523 οὐκ
909 1455 1001 1520 ἔσται.
1045 1457 1115 1540 φέρε
1131 1456 1157 1520 δ’
1179 1458 1285 1520 οὑτωσὶ
1303 1458 1496 1538 θεασώμεθα·

255 1563 368 1624 πάντων
397 1562 438 1628 εἰς
464 1565 520 1645 πῦρ
547 1561 748 1623 ἀναλυθέντων
771 1565 879 1644 κοῦρον
907 1561 958 1642 μέν
982 1560 1044 1623 ἐστί
1070 1583 1094 1621 τι
1115 1561 1164 1622 καὶ
1187 1561 1275 1642 μανὸν
1298 1563 1346 1623 καὶ
1374 1560 1497 1643 θερμόν·

255 1662 312 1725 ίῦια
332 1664 385 1746 γάρ
408 1664 496 1745 πυρός
518 1667 618 1726 ταῦτα·
645 1664 716 1747 βαρῦ
740 1663 765 1726 δ’
786 1663 869 1725 οὐδὲν
886 1664 904 1746 ῆ
921 1664 1026 1727 πυκνὸν
1043 1663 1061 1745 ῆ
1078 1662 1200 1747 ψυχρόν,
1223 1663 1258 1725 τά
1273 1667 1332 1731 τοῖς
1346 1663 1496 1747 λεχθεῖσιν

254 1765 375 1828 ἐναντία.
421 1770 483 1834 πῶς
510 1763 560 1827 οῦν
587 1766 620 1828 άν
648 1789 689 1834 τις
716 1766 853 1834 ἐπιδείξαι
877 1769 986 1847 μᾶλλον
1009 1766 1061 1848 τὴν
1083 1765 1282 1848 πεπλεγμένην
1311 1766 1344 1828 ἐκ
1372 1770 1425 1848 τῆς
1451 1765 1496 1827 ἐκ·

252 1871 411 1951 πυρώσεως
438 1869 579 1951 ἀκοσμίαν
609 1869 628 1951 ῆ
656 1869 692 1930 τά
718 1869 802 1953 φῦσει
835 1871 1056 1953 συνυπάρχοντα
1083 1867 1193 1936 δεικνὺς
1221 1869 1416 1952 ἀπαρτώμενα
1444 1872 1497 1949 τῆς
1512 1884 1540 1925 ro

205 1989 235 2038 15
255 1971 404 2052 συζυγίας
427 1972 446 2054 ῆ
470 1969 495 2032 δ’
524 1970 711 2053 ἀλλοτρίωσις
733 1971 782 2032 ἐπὶ
804 1976 940 2034 τοσοῦτον
956 1973 1124 2054 κεχώρηκεν
1149 1974 1189 2038 ώς
1204 1975 1262 2038 τοῖς
1280 1972 1331 2053 μὲν
1347 1968 1495 2052 ἀιδιότητα

256 2071 491 2156 προσοίμολογεῖν
514 2078 573 2141 τοῖς
595 2075 627 2136 δὲ
650 2075 681 2135 τὸ
704 2074 892 2157 ἀνύπαρκτον.
1476 2088 1553 2133 σοοιι.

335 2173 399 2238 Ἔτι
421 2177 512 2238 τοίνυν
535 2175 650 2240 κάκεῖνό
674 2199 722 2259 μοι
745 2178 826 2239 δοκεῖ
840 2177 879 2260 μὴ
897 2177 954 2238 ἀπὸ
972 2181 1080 2240 σκοποῦ
1096 2181 1155 2245 τοῖς
1170 2176 1356 2261 ἰχνηλατοῦσι
1371 2177 1499 2260 τάληθὲς

256 2280 402 2364 εἰρῆσθαι·
437 2278 627 2363 φθειρόμενος
650 2281 664 2341 ό
688 2279 796 2360 κόσμος
818 2279 882 2363 ῆτοι
909 2280 963 2342 ῦπό
987 2303 1060 2348 τινος
1083 2279 1182 2362 ἑτέρας
1203 2280 1385 2363 φθαρήσεται
1407 2281 1499 2348 αἰτίας

255 2383 274 2467 ῆ
298 2384 354 2446 ὑπὸ
378 2384 456 2444 θεοῦ.
502 2381 552 2444 ὑπ’
580 2382 670 2445 άλλου
695 2382 746 2463 μὲν
770 2382 885 2451 οὐδενός
908 2383 939 2444 τὸ
963 2384 1097 2465 παράπαν
1121 2382 1229 2450 δέξεται
1246 2383 1388 2444 διάλυσιν·
1413 2381 1497 2444 οὐδὲν
1512 2400 1539 2441 ιτ

204 2507 237 2554 οο
255 2487 308 2569 γάρ
331 2485 406 2548 ἐστιν
430 2483 446 2546 ό
463 2485 502 2566 μῆ
519 2485 663 2568 περιέχει·
682 2483 686 2567 ἰ
704 2486 735 2546 τό
752 2485 784 2546 δέ
799 2483 1006 2568 περιεχόμενον
1023 2485 1069 2547 καί
1085 2484 1351 2568 κατακρατοῦμενον
1368 2485 1453 2547 ἀσθε-
1475 2502 1515 2547 σοο
1530 2509 1554 2546 ιι.

257 2589 389 2672 νέστερον
411 2589 505 2670 ῦῆπου
528 2591 578 2649 τοῦ
602 2588 785 2672 περιέχοντος
808 2587 857 2672 ὑφ’
879 2588 912 2651 οὖ
930 2585 1004 2670 [καὶ]
1023 2590 1250 2670 κατακρατεῖται.
1297 2586 1352 2647 ὑπὸ
1376 2589 1407 2649 δὲ
1428 2589 1499 2652 θεοῦ

255 2690 426 2777 φθείρεσθαι
453 2689 544 2772 λέγειν
571 2689 657 2753 αὐτόν
685 2694 799 2753 πάντων
830 2692 1036 2754 ἀνοσιώτατον·
1073 2691 1088 2751 ό
1115 2688 1169 2772 γὰρ
1200 2689 1269 2758 θεὸς
1297 2689 1349 2752 οῦκ
1383 2690 1498 2760 ἀταξίας

255 2795 302 2856 καί
325 2791 466 2872 ἀκοσμίας
488 2793 536 2854 καὶ
558 2792 680 2876 φθορᾶς,
705 2793 779 2856 ἀλλά
802 2793 909 2862 τάξεως
931 2793 980 2855 καί
996 2791 1149 2872 εὐκοσμίας
1169 2792 1216 2853 καὶ
1233 2795 1312 2875 ζωῆς
1329 2793 1375 2855 καὶ
1391 2796 1498 2863 παντὸς

253 2895 344 2963 αίτιος
366 2893 587 2978 ἀνωμολόγηται
611 2899 661 2957 τοῦ
684 2896 800 2978 ἀρίστου
824 2895 901 2978 παρὰ
923 2899 983 2962 τοῖς
1004 2894 1119 2976 τάληθῆ
1143 2893 1306 2964 δοξάζουσι.

203 3019 254 3066 οσ.
340 2997 391 3060 21.
436 2995 592 3076 Θαυμάσαι
619 2996 645 3060 δ’
670 2996 704 3058 ἀν
738 3021 779 3066 τις
811 2999 877 3065 τοὺς
910 2996 960 3064 τάς
993 2995 1171 3078 ἐκπυρώσεις
1204 2997 1250 3058 καὶ
1285 3000 1497 3080 παλιγγενεσίας
1524 3017 1539 3058 ο

258 3102 435 3185 θρυλοῦντας
457 3098 490 3161 οῦ
514 3096 599 3181 μόνον
617 3098 701 3161 ἕνεκα
718 3104 774 3161 τῶν
790 3099 959 3182 εἰρημένων,
983 3098 1026 3165 οἷς
1041 3096 1249 3181 άπελέγχονται
1261 3100 1497 3182 φευόοῦοίοῦντες

258 3202 332 3267 ἀλλά
358 3203 405 3264 καὶ
432 3199 467 3263 δι’
494 3200 586 3263 ἐκεῖνο
614 3205 747 3283 μάλιστα.
796 3203 938 3285 τεττάρων
965 3201 1020 3284 γὰρ
1048 3199 1137 3263 όντιον
1167 3202 1332 3284 στοιχείων,“
1358 3202 1387 3270 ἐξ
1414 3204 1454 3265 ών
1483 3207 1499 3267 ό

257 3307 365 3389 κόσμος
387 3304 567 3388 συνέστηκεν,
589 3309 652 3387 γῆς.
676 3305 787 3379 ῦῦατος,
812 3305 905 3388 ἀέρος,
930 3304 1029 3387 πυρός,
1052 3305 1125 3371 τίνος
1141 3302 1225 3365 ἕνεκα
1241 3305 1354 3366 πάντων
1371 3306 1499 3392 ἀποκλη-

205 3615 220 3666 2
239 3614 290 3666 ἔστι
308 3613 338 3684 δὴ
358 3615 462 3680 scripsi:
482 3614 533 3666 ἔστι
551 3613 577 3665 δὲ
595 3615 653 3666 libri
761 3613 814 3665 λθ
833 3611 998 3679 ὃυνάμεωνΙ,
1097 3611 1113 3662 3
1132 3615 1284 3683 πραγμάτων
1304 3613 1373 3665 Diels
1391 3610 1457 3665 ιουΙ.
1476 3614 1556 3677 34‚7:

204 3705 347 3772 πράγματος
365 3701 423 3753 iibri
547 3700 722 3770 ἐκλογίσασθαι
740 3704 760 3752 Ρ
875 3701 890 3750 4
910 3699 1027 3771 χρήσαιτ’
1047 3703 1097 3750 Lv:
1116 3699 1237 3770 χρήσαιτο
1256 3704 1363 3753 VPMar
1477 3702 1493 3751 ί)
1512 3703 1556 3755 καὶ

204 3794 294 3846 τυῐςΕ
401 3790 533 3857 μίτρουΕ
640 3787 775 3859 φιλονικεῖν
794 3788 899 3855 scripsi:
922 3786 1068 3856 φιλονεικεῖν
1087 3786 1144 3838 libri
1251 3787 1373 3840 θπικνὸν
1392 3790 1489 3851 (εἱι)Ρ

208 3877 239 3928 10
257 3872 283 3928 δ’
297 3876 381 3946 ἕτερον
400 3880 433 3927 E:
455 3876 480 3928 ῦὲ
499 3877 583 3946 ἕτερον
596 3881 695 3929 LVPM
801 3876 859 3943 φέρε
877 3873 903 3925 δὲ
916 3878 950 3925 L:
973 3875 1031 3943 φέρε
1049 3875 1094 3944 γάρ
1113 3893 1129 3926 ιι
1238 3876 1264 3927 ll
1287 3875 1338 3928 ἐστί
1355 3894 1378 3927 τι
1397 3880 1484 3929 LPM:
1504 3876 1557 3928 ἐστι

207 3968 242 4016 V:
261 3965 329 4016 ἔσται
347 3969 368 4015 Ε
478 3963 508 4015 Ρ.)
529 3964 575 4016 ίῦια
594 3965 639 4034 γάρ
659 3967 680 4014 Ε
701 3965 822 4030 biangey:
848 3961 896 4013 ἰδια
915 3965 1015 4013 LVPM
1132 3961 1202 4014 οῦδὲν
1221 3967 1306 4015 om.P
1423 3964 1556 4034 ἡψυγρὸν

205 4051 334 4121 ῆπυκνόν
353 4057 405 4104 ΡΜ
528 4052 615 4104 πικνὸυ
633 4057 655 4116 (ν
674 4069 705 4103 ex
726 4070 738 4120 ρ
757 4052 870 4112 corr.)L
1008 4049 1038 4100 13
1066 4048 1181 4109 ἐπιδείξαι
1200 4051 1269 4102 Diels
1291 4051 1322 4103 ci.
1342 4051 1408 4103 ind.:
1438 4051 1557 4121 ἐπιχῆται

206 4144 318 4192 LVMP:
337 4141 469 4212 ἐπισχῆται
482 4144 516 4192 E:
536 4140 631 4212 ἐπίσχει
644 4139 725 4206 vuig.:
745 4139 894 4207 ἐπισημῆναι
907 4137 1054 4188 Wendiand
1161 4137 1201 4189 13.
1219 4139 1249 4189 14
1269 4138 1435 4209 ἐκπυρώσεως
1448 4141 1556 4208 scripsi:

206 4227 342 4299 πυρώσεως
360 4228 418 4280 libri
537 4228 567 4279 18
586 4228 670 4296 ἐτέρας
688 4229 773 4277 οω.Ε
883 4224 913 4276 Ιθ
933 4224 1010 4276 ἀλλυυ
1029 4226 1053 4276 δὲ
1074 4230 1094 4276 Ε
1207 4224 1240 4277 20
1257 4226 1300 4278 καί
1319 4225 1557 4297 κατακρατυῦμενυν

207 4315 276 4367 Diels
296 4316 326 4367 ci.
340 4317 406 4367 iuri:
426 4316 467 4367 καί
487 4315 655 4384 κρυπτόμενον
675 4314 732 4365 iibri
840 4313 881 4364 20.
895 4313 925 4363 ’21
948 4313 1224 4382 ἀστενέστερον(ει”ο)Ρ
1330 4313 1360 4364 ‘21
1383 4315 1426 4364 καί
1439 4314 1520 4366 deleri

207 4403 239 4453 22
257 4401 369 4463 εῦταξίας
388 4407 416 4454 Μ
534 4402 567 4453 93
586 4403 628 4453 καί
647 4400 753 4470 φθορᾶς]
773 4401 816 4453 καὶ
835 4416 884 4452 om·
904 4405 927 4450 V
1046 4399 1078 4452 24
1097 4404 1142 4452 τοῦ
1161 4399 1260 4469 ἀρίστου
1280 4415 1330 4451 om.
1350 4403 1371 4450 Ε
1491 4401 1557 4468 παρὰ

207 4495 272 4543 VM:
292 4490 346 4560 περὶ
365 4494 398 4542 L:
417 4491 501 4542 obliti.
520 4490 548 4541 in
567 4494 587 4541 Ρ
694 4495 745 4545 τοῖς
762 4491 793 4539 τά
812 4487 894 4558 ἀληθῆ-
915 4493 951 4540 Ει
970 4486 1069 4559 τάληθῆ
1088 4491 1129 4539 M:
1143 4503 1199 4555 ουτ.
1219 4489 1277 4538 LV:
1298 4484 1379 4556 ἀληθῆ
1400 4487 1556 4554 praeceden-

206 4581 276 4635 tibus
295 4579 419 4639 obiitin
527 4576 559 4628 27
578 4574 746 4650 θρυλλοῦντας
765 4579 789 4627 V
895 4576 928 4628 *28
952 4576 1085 4649 συνέστηκε
1105 4579 1132 4628 Μ
1239 4573 1322 4643 ἕνεκα]
1342 4573 1425 4627 ἕνεκεν
1443 4574 1556 4628 Turneb.
