3564 5394
701 347 955 402 PROLllGOllENA
1465 353 1516 393 ττι

150 537 192 583 ne
213 519 345 584 vocales
371 518 570 586 colliderent.
626 520 785 603 Exempla
810 521 970 603 quaedam
997 521 1049 587 hic
1077 541 1270 605 proponam:
1308 544 1338 605 p.
1360 522 1460 605 21,13
1487 519 1514 584 οί

150 624 265 704 πρῶτυν
280 620 498 705 ἀτιυκυηθέντες
512 622 639 706 scripsit
653 643 718 687 non
733 626 854 707 πρῶτοι,
878 630 912 687 ut
926 645 956 688 v.
973 625 1053 707 22,4
1075 631 1108 690 et
1125 624 1235 707 18‚1e;
1259 646 1290 707 p.
1306 626 1385 706 36,8
1407 625 1439 686 τὸ
1457 624 1514 707 μὴν

149 724 271 787 παλαιὸν
299 724 493 809 ἠφανισμέναι
520 745 584 789 non
612 727 644 788 τὸ
671 727 764 788 παλαι
790 731 825 789 ut
853 726 957 809 v.10;
986 747 1016 807 p.
1038 727 1120 809 30,9
1148 726 1216 789 ὅλον
1244 728 1340 812 ἑαυτῷ
1366 747 1424 810 pre
1452 726 1513 809 ὅλῳ

149 825 257 911 ἑαυτῷ,
279 826 366 909 quod
387 826 503 892 melius
525 846 655 892 sensum
677 826 900 910 expressisset.
936 825 1020 905 Quin
1043 833 1166 893 tantum
1187 829 1309 893 veritus
1331 834 1380 894 est
1402 834 1515 892 auctor

148 926 272 993 hiantia
294 927 396 993 verba
416 928 626 1010 committere,
649 935 684 994 ut
706 929 865 995 interdum
885 931 1055 995 molestam
1076 936 1108 996 et
1131 930 1298 996 obscuram
1320 930 1514 997 sententiam

148 1028 261 1095 ordine
293 1030 464 1120 verborum
497 1031 626 1097 inverso
660 1031 796 1098 reddere
830 1032 988 1097 maluerit.
1046 1031 1114 1116 Sic,
1147 1031 1208 1097 nisi
1243 1031 1352 1115 fallor,
1386 1031 1514 1116 scripsit

147 1151 181 1215 p.
196 1131 255 1216 6,4
276 1131 445 1217 πιστότερος
467 1132 562 1203 οὐδεὶς
585 1135 723 1219 ὑφηγητῇ
745 1134 890 1217 γνωρίμου
914 1139 1067 1220 μαρτυρεῖν
1089 1135 1162 1217 (pro
1185 1134 1513 1219 propitiatricem),

146 1254 178 1317 p.
194 1233 254 1316 8,5
276 1235 313 1297 τὰ
335 1235 429 1304 νόσοις
451 1236 499 1299 καὶ
521 1239 599 1321 γήρᾳ
619 1240 742 1320 σώματα
762 1237 863 1300 ἁλωτά
889 1237 963 1320 (pro
986 1236 1086 1300 ἀλωτά
1109 1239 1258 1321 deipara),
1285 1237 1385 1320 32,24
1406 1237 1513 1303 παντὸς

146 1334 238 1405 αίτιυς
260 1336 482 1421 ἀνωμολόγηται
503 1341 554 1401 τοῦ
577 1337 711 1422 ἀρίστυυ;
738 1339 841 1422 44,15
864 1338 900 1422 ἦν
923 1337 1042 1423 ἤπειρος
1060 1337 1165 1422 Ἰταλία
1188 1339 1305 1403 Σικελία
1328 1340 1513 1403 συνάπτουσα

146 1436 220 1520 (pre
236 1437 353 1502 Σικελία
367 1437 499 1524 Ἰταλίφ);
521 1438 622 1521 44,10
643 1437 697 1502 οὐκ
719 1438 840 1526 ἔχοντας
863 1440 949 1526 φύσει
971 1442 1061 1524 τυρὸς
1083 1441 1258 1524 ἀμυντήριον
1281 1440 1410 1525 ἄφθονον
1434 1441 1512 1524 ὕδωρ
1578 1460 1581 1467 ’

145 1538 218 1625 (pre
240 1543 332 1626 πυρὸς
354 1540 440 1624 φύσει
463 1540 660 1626 ἀμυντήριον).

231 1642 313 1707 Post
334 1641 504 1707 articulum
527 1649 636 1708 tamen
659 1649 692 1709 et
715 1643 904 1727 particulam
928 1647 978 1708 καί
1005 1643 1128 1708 hiatum
1151 1644 1204 1727 qui
1230 1663 1347 1726 graece
1369 1645 1511 1711 seribere

147 1744 217 1808 vult
245 1743 375 1809 omnino
399 1745 540 1827 effugere
566 1765 631 1810 non
655 1753 775 1830 potest,
804 1747 862 1812 sed
885 1747 985 1812 erasis
1011 1746 1171 1812 interdum
1200 1745 1403 1811 necessitatis
1425 1746 1512 1811 illins

147 1845 281 1928 praebet
303 1846 496 1929 remedium,
523 1847 611 1928 quod
633 1846 726 1912 Philo
750 1849 864 1914 necin
893 1848 1008 1914 ceteris
1035 1847 1187 1930 operibus
1210 1846 1316 1930 [Cohn
1338 1849 1421 1930 xm],
1452 1867 1512 1913 nec

143 1946 179 2012 in
201 1947 263 2014 hoc
285 1948 367 2013 libre
390 1948 543 2031 neglexit.
589 1947 642 2013 Sic
665 1948 801 2031 legimus
823 1951 875 2014 κάν
899 1951 999 2036 (2,6),
1023 1949 1077 2013 κᾶν
1100 1947 1222 2033 (12,2),
1244 1950 1360 2012 κάκεῖνο
1383 1948 1510 2033 (32,1’ί;

147 2049 416 2134 14,17),κᾶτειτα
441 2052 549 2134 (14,e;
572 2050 693 2135 15,17),
716 2051 808 2115 τᾶλλα
829 2051 946 2136 (33,1),
975 2053 1106 2136 τάληθές
1128 2051 1255 2136 (nete,
1278 2051 1403 2134 3217),
1426 2051 1511 2134 τάλη·

144 2152 218 2221 θοός
239 2152 358 2236 (38,2),
381 2153 544 2217 τούναντίον
566 2154 701 2217 τάναντία
722 2152 776 2235 (of.
799 2151 889 2238 ind.).

229 2255 342 2321 Altera
364 2257 492 2338 quoque
514 2254 614 2318 hiatui
639 2254 781 2320 curando
805 2274 904 2338 saepe
927 2256 1077 2322 subvenit
1097 2254 1266 2338 medicina,
1289 2254 1390 2338 elisio,
1414 2273 1510 2337 quam

144 2357 208 2422 etsi
230 2357 359 2423 codices
380 2377 445 2422 non
468 2376 596 2439 semper
618 2363 789 2421 servarunt
799 2356 837 2440 ¹),
860 2365 968 2422 tamen
997 2356 1136 2422 dubitari
1163 2377 1228 2422 non
1251 2362 1358 2441 potest
1380 2356 1456 2439 quin
1478 2355 1511 2421 in

142 2458 291 2543 obteri,
319 2483 350 2541 e,
378 2483 394 2522 ο
422 2466 454 2524 et
480 2482 510 2522 αι
537 2457 685 2523 infinitivi
717 2465 749 2522 et
774 2458 889 2524 tertiae
916 2477 1076 2543 personae
1103 2457 1269 2523 indicativi
1297 2458 1391 2524 Philo
1421 2457 1510 2522 adhi-

145 2560 292 2644 buerit²).

232 2662 440 2728 Collisionem
467 2661 564 2745 igitur
590 2662 750 2728 vocalium
777 2664 918 2728 maxima
945 2682 1017 2727 cum
1040 2681 1117 2727 cura
1143 2661 1176 2726 in
1203 2662 1265 2727 hoo
1290 2661 1371 2726 libro
1395 2659 1509 2727 evitari

144 2771 285 2848 constat3
315 2764 477 2846 quomodo
505 2766 660 2831 toleretur
686 2771 788 2830 restat
810 2770 845 2829 ut
867 2764 1044 2831 videamus.
1091 2764 1290 2847 Ubicumque
1313 2762 1509 2847 Scripturae,

143 2866 292 2931 Platonis
314 2867 367 2932 vel
394 2866 530 2930 aliorum
557 2865 657 2932 verba
685 2866 834 2948 citantur,
868 2886 923 2931 eur
956 2865 1081 2930 hiantia
1109 2866 1202 2931 Philo
1236 2886 1300 2930 non
1334 2865 1510 2931 eorrexerit

142 2966 240 3033 facile
266 2967 465 3050 intelligitur.
509 2968 572 3032 Illa
598 2967 694 3050 igitur
722 2975 875 3052 excerpta
907 2969 977 3049 (l,1
1007 2969 1089 3053 ἀρχη
1115 2968 1249 3051 ἐποίησε,
1280 2972 1317 3051 γῆ
1345 2967 1396 3052 ἧν,
1431 2967 1508 3051 13,5

143 3068 272 3154 προαηει
294 3069 392 3155 αὐτῷ)
413 3069 624 3152 neglegimus.
653 3070 753 3135 Porro
776 3069 1034 3152 interpunctione
1057 3068 1204 3153 quamvis
1227 3069 1392 3135 levissima
1414 3068 1508 3152 effici,

144 3178 179 3235 ut
202 3171 361 3236 vocalium
385 3170 613 3236 consecutione
634 3171 687 3235 vel
709 3171 844 3236 subtiles
867 3171 1003 3237 rhetoris
1026 3192 1121 3237 aures
1145 3171 1264 3235 offendi
1284 3191 1349 3235 non
1372 3170 1506 3253 possint,

142 3273 175 3336 in
202 3274 373 3356 propatulo
400 3280 458 3338 est.
504 3270 597 3350 Quod
625 3272 723 3339 etiam
751 3278 827 3338 ante
855 3273 1046 3355 particulam
1078 3272 1145 3336 οὔτε
1177 3271 1244 3337 fieri
1271 3272 1398 3338 videtur
1427 3271 1505 3354 35,3

142 3380 179 3459 γῆ
202 3373 265 3439 οὔθ’
283 3423 290 3440 .
308 3377 336 3441 ’..
360 3375 426 3459 ἀέρι
449 3373 514 3438 οὔτε
545 3380 577 3440 et
604 3374 699 3458 alias,
734 3374 810 3457 le,8
832 3374 1030 3458 ἀφαιρείσθω,
1060 3377 1174 3459 decep,
1207 3375 1285 3458 22,e
1310 3373 1397 3456 φύσει
1425 3371 1505 3442 ὅπως

142 3484 203 3542 etc.
259 3477 328 3543 Nec
363 3477 467 3559 magis
500 3497 596 3542 verus
618 3475 726 3541 hiatus
754 3475 876 3540 exstitit
908 3476 941 3539 in
969 3476 1141 3542 verborum
1168 3475 1393 3540 coniunctione
1421 3494 1505 3557 quae

142 3586 207 3642 tam
241 3577 319 3643 trita
351 3579 407 3661 sit,
440 3587 475 3642 ut
508 3578 600 3661 quasi
630 3598 728 3641 unum
763 3575 881 3642 efficiat
913 3577 1121 3660 vocabulum,
1154 3577 1263 3660 qualia
1292 3584 1365 3642 sunt
1392 3579 1504 3661 ἐτήσιοι

141 3682 216 3765 ὧραι
237 3679 360 3763 (33,8),
387 3677 421 3743 εὖ
444 3680 549 3744 εἰδέναι
571 3679 714 3763 (22,11),
742 3677 775 3743 εὖ
797 3678 909 3765 ιίρηται
932 3679 1076 3763 (39,20),
1106 3681 1222 3763 οὐδαμῇ
1246 3679 1384 3763 οὐδαμῶς
1410 3679 1501 3763 (30,7

141 3780 180 3847 cf.
203 3781 286 3865 ind.)

227 3881 318 3961 Quae
340 3883 368 3948 si
390 3883 567 3967 exceperis,
600 3882 748 3949 invenies
780 3882 904 3947 hiatum
938 3902 1004 3946 non
1032 3884 1174 3967 tolerari,
1197 3884 1268 3967 nisi,
1296 3890 1330 3948 ut
1352 3883 1501 3966 diximus,

139 3991 214 4070 post
235 3985 404 4051 articulum
427 3993 460 4051 et
482 3984 674 4069 particulam
697 3986 747 4048 καί
766 3993 799 4050 et
821 3991 990 4067 praeterea

214 4289 219 4318 ,
268 4316 270 4319 Ι
311 4287 316 4299 .

211 4285 415 4438 'iibdmdfbiat’
436 4371 509 4433 ιίναι;
538 4371 601 4438 17,3
620 4375 712 4442 γίνεται
731 4372 758 4433 ὁ;
783 4370 835 4435 8,3
854 4370 968 4440 γενέσθαι
986 4371 1085 4440 δμοιον;
1111 4371 1176 4434 8,16
1195 4369 1349 4441 ἀναιρεῖσθαι
1366 4371 1423 4424 ὑπό.
1460 4371 1499 4424 Cf.

138 4459 207 4514 inira
224 4477 250 4528 p.
263 4477 335 4512 mx.
361 4489 387 4498 -
410 4460 441 4512 ln
460 4462 523 4512 τάνυ
541 4461 611 4512 sicut
632 4455 743 4513 in'rrolb
762 4474 818 4512 eum
844 4477 858 4509 υ
884 4461 959 4526 quasi
983 4474 1132 4513 consonans
1154 4459 1319 4512 enuntiatum
1339 4459 1387 4522 sit,
1411 4458 1499 4510 hiatus

137 4561 192 4600 nen
210 4547 324 4611 tristitia
342 4546 376 4600 cf.
394 4563 419 4615 ρ.
435 4546 516 4612 13,10
533 4548 598 4599 πάνυ
616 4545 795 4615 ἀνιξιλίηκτιρ.
