3532 5394
612 362 690 421 ΠΕΡΙ
711 363 908 422 ιοΘΑΡΣιΑΣ
926 386 948 421 c.
963 368 1062 420 ιιι-ιο
1470 367 1511 432 29

216 541 262 602 καὶ
286 544 392 624 χεῖται,
415 539 644 622 συστελλομένης
667 540 698 602 δὲ
721 544 859 622 μειοῦται.
904 543 1132 623 τεκμηριώσαιτο
1156 539 1180 604 δ’
1201 540 1236 605 ἀν
1252 564 1293 609 τις
1314 541 1373 603 ἀπδ
1396 544 1454 602 τῶν

215 642 283 726 παρ’
311 645 380 726 ἡμῖν
403 644 435 705 τό
457 641 613 724 γινόμενον.
659 643 795 727 όλύχνος
817 642 873 711 ἕως
889 642 940 725 μέν
956 667 997 712 τις
1012 641 1108 706 ἔλαιον
1124 642 1213 726 ἄρδει,
1236 643 1455 727 περιφεγγεστά-

215 768 265 828 την
292 746 450 809 ἀποδίδωσι
477 745 585 829 φλόγα·
613 745 729 808 ἐπειδὰν
758 743 782 808 δ’
811 745 931 830 ἐπίσχῃ,
961 747 1128 828 δαπανήσας
1161 744 1229 807 ὅσον
1263 750 1315 826 τῆς
1348 749 1458 828 τροφῆς

215 849 348 931 λείψανον
370 847 471 911 αὐτίκα
493 847 686 932 κατεσβέσθη.
710 849 798 932 μηδὲν
827 848 912 932 μέρος
939 851 1166 931 ταμιευσάμενος
1193 853 1245 931 τῆς
1267 848 1382 932 φλογός.
1427 846 1454 908 εἰ

181 951 247 1018 δδὲ
271 953 312 1034 μὴ
334 955 428 1024 τοῦτο,
451 950 510 1014 ἀλλ’
531 950 605 1035 αύγλη
631 949 634 1019 l
658 952 774 1032 γίνεται,
797 953 881 1013 πάλιν
898 951 992 1033 ἀθρόα
1009 952 1190 1035 μεταβάλλει.
1236 951 1282 1013 διά
1306 951 1344 1027 τίς
1373 950 1416 1013 ότι
1436 963 1508 1009 2553.

212 1053 368 1117 ὑπόστασιν
393 1054 463 1116 ἰδίαν
486 1053 538 1117 οὐκ
561 1053 635 1138 ἔχει,
658 1058 789 1136 γεννᾶται
810 1052 835 1116 δ’
857 1055 889 1117 ἐκ
904 1054 1019 1138 φλογός.
1043 1055 1078 1138 ἧς
1101 1053 1170 1138 όλης
1193 1053 1228 1116 δι’
1256 1052 1332 1116 όλων
1357 1051 1454 1137 σβέσιν

213 1158 425 1241 λαμβανούσης,
449 1158 558 1239 ἀνάγκη
593 1160 640 1220 καὶ
675 1158 726 1240 τὴν
754 1156 845 1238 αὐγὴν
869 1159 908 1238 μὴ
932 1158 1005 1219 κατὰ
1029 1157 1115 1240 μέρος
1148 1156 1207 1219 ἀλλ’
1235 1155 1345 1239 ἀθρόαν
1379 1156 1454 1216 ἀναι·

216 1261 338 1343 μεῖσθαι.
383 1259 399 1321 6
425 1260 479 1344 γάρ
507 1261 578 1344 πρὸς
605 1261 713 1343 τροφὴν
741 1258 822 1343 φλόξ,
851 1264 934 1322 τοῦτο
962 1260 1037 1342 αὐγὴ
1064 1261 1135 1343 πρός
1165 1259 1272 1344 φλόγα·
1323 1260 1455 1339 καθάπερ

212 1361 260 1425 οὖν
283 1368 377 1447 τροφῇ
402 1369 608 1446 συναναιρεῖται
631 1362 712 1448 φλόξ,
735 1365 782 1425 καὶ
804 1362 879 1444 αὐγὴ
908 1362 1002 1446 φλογί.
1048 1362 1117 1425 ὥστ’
1146 1363 1298 1448 ἀμήχανον
1326 1364 1454 1442 παλιγγε-
1480 1375 1495 1418 σ

164 1485 195 1532 10
214 1466 310 1527 νεσίαν
332 1466 380 1527 τὸν
404 1467 513 1548 κόσμον
528 1468 636 1550 λαβεῖν,
661 1466 783 1549 μηδενὸς
799 1465 991 1549 ἐντυφομένου
1008 1470 1205 1549 σπερματικοῦ
1220 1463 1317 1547 λόγου,
1340 1465 1454 1526 πάντων

213 1569 245 1631 δὲ
267 1568 502 1652 δαπανηθέντων,
525 1576 582 1632 τῶν
606 1569 657 1652 μὲν
680 1568 776 1631 ἀλλων
804 1569 860 1631 ύπδ
883 1568 986 1651 πυρός,
1014 1568 1101 1631 αὐτοῦ
1130 1567 1155 1631 δ’
1184 1566 1231 1631 ὑπ’
1260 1567 1377 1635 ἐνδείας.
1423 1566 1452 1634 ἐξ

213 1672 254 1733 ὧν
277 1671 337 1734 ἐστι
361 1672 459 1754 δῆλον,
483 1670 525 1734 ότι
548 1671 686 1755 ἀγένητος
708 1672 755 1733 καὶ
778 1669 927 1754 ἄφθαρτος
949 1672 990 1733 ὧν
1014 1673 1145 1734 διατελεῖ.

299 1773 347 1837 19.
393 1773 472 1857 (θέρε
499 1773 524 1836 δ’
545 1772 604 1848 ούν,
628 1774 668 1842 ὥς
695 1793 780 1857 φησιν
808 1774 824 1835 6
852 1771 1031 1856 Χρύσιππος,
1065 1775 1098 1836 τό
1126 1776 1372 1859 ἀναστυιχειιῖοσαν
1401 1773 1453 1853 τὴν

212 1874 400 1958 διακόσμησιν
429 1878 470 1945 εἰς
501 1878 571 1939 αὑτό
599 1881 655 1959 πῦρ
684 1881 734 1937 τοῦ
766 1874 919 1957 μέλλοντος
952 1877 1158 1940 ἀποτελεῖσθαι
1191 1876 1301 1959 κόσμου
1336 1874 1452 1959 σπέρμα

161 1998 192 2047 15
211 1977 283 2041 εἶναι
304 1980 352 2041 καὶ
375 1981 416 2041 ὧν
443 1978 490 2041 ἐπ’
518 1979 598 2064 αὐτῷ
626 1979 860 2062 πεφιλοσόφηκεν
892 1979 982 2063 μηδὲν
1010 1979 1160 2062 ἐψεῦσθαι,
1188 1984 1301 2061 πρῶτον
1330 1979 1382 2060 μὲν
1409 1975 1451 2038 ότι
1467 1992 1494 2033 1⁰

210 2085 255 2145 καὶ
283 2081 316 2143 ἐκ
334 2080 337 2166 λ
355 2081 519 2166 σπέρματος
541 2084 559 2165 ἠ
582 2082 691 2164 γένεσις
713 2084 762 2145 καὶ
784 2084 825 2150 εἰς
848 2082 962 2164 σπέρμα
983 2106 1002 2163 η
1026 2082 1173 2157 ἀνάλυσις,
1197 2079 1295 2144 ἔπειτα
1317 2078 1343 2144 δ’
1365 2079 1409 2142 ότι
1429 2095 1505 2141 boen.

210 2191 421 2270 φυσιολογεῖται
448 2187 463 2248 6
491 2184 599 2269 κόσμος
631 2189 680 2250 καὶ
714 2186 798 2270 φύσις
825 2188 941 2269 λογικη,
973 2184 1006 2247 οὐ
1035 2184 1121 2266 μόνον
1148 2184 1280 2269 ἔμψυχος
1309 2183 1349 2244 ὢν
1379 2183 1453 2246 ἀλλά

211 2290 258 2352 καλ
286 2292 384 2374 νοερδς
417 2292 488 2373 πρός
520 2291 552 2352 δὲ
584 2291 632 2352 καὶ
665 2289 819 2374 φρόνιμος,
855 2289 888 2351 ἐκ
916 2289 1023 2352 τούτων
1057 2288 1217 2352 τούναντίον
1251 2285 1285 2350 οὗ
1319 2285 1451 2371 βούλεται

209 2395 461 2466 κατασκευάζεται,
484 2395 516 2456 τὸ
546 2392 690 2477 μηδέποτε
716 2393 932 2477 φθαρήσεσθαι.
977 2394 1006 2454 αἱ
1034 2393 1066 2455 δὲ
1094 2393 1200 2460 πίστεις
1230 2389 1452 2474 προχειρόταται

159 2500 270 2565 αυτοῖς
293 2495 485 2566 συνεξετάζειν
509 2495 549 2577 μὴ
574 2495 755 2558 ἀποκνοδσιν.
801 2495 903 2557 οὐκοῦν
927 2496 942 2557 ό
966 2494 1073 2577 κόσμος
1095 2519 1114 2578 η
1137 2493 1236 2578 φυτόν,
1259 2490 1326 2575 (ὡς>
1348 2489 1450 2563 ἔοικεν,

209 2599 227 2681 ἢ
252 2603 338 2682 ξῷον.
384 2597 443 2660 ἀλλ’
471 2596 529 2659 εἴτε
552 2596 639 2681 φυτόν
663 2597 739 2659 ἐστιν
763 2596 821 2659 εἴτε
843 2598 891 2660 καὶ
915 2601 1002 2681 ζῴον,
1025 2598 1098 2659 κατὰ
1121 2598 1172 2679 τὴν
1196 2597 1358 2680 ἐκπύρωσιν
1378 2596 1452 2678 φθα-
1467 2610 1493 2652 ιο

208 2704 267 2785 ρεὶς
295 2700 433 2764 οὐδέποτε
455 2700 542 2768 αὐτός
563 2701 651 2763 αὑτοῦ
674 2700 823 2783 γενήσεται
846 2699 969 2784 σπέρμα.
1016 2706 1153 2782 μαρτυρεῖ
1172 2701 1203 2762 δὲ
1222 2699 1258 2760 τὰ
1281 2696 1350 2782 παρ’
1370 2700 1451 2782 ημῖν,

208 2805 248 2866 ὧν
281 2803 363 2867 οὐδὲν
386 2803 438 2867 οὐκ
461 2801 577 2866 ἔλαττον
604 2802 637 2866 οὐ
663 2802 667 2888 l
692 2803 791 2885 μεῖζόν
817 2826 886 2866 ποτε
908 2803 1018 2888 φθαρὲν
1034 2803 1074 2872 εἰς
1091 2803 1253 2886 σπέρματος
1269 2802 1412 2886 ἀπεκρίθη
1434 2816 1507 2861 εσσε.

1407 3036 1414 3063 Ι

158 3097 167 3146 l
189 3093 383 3164 συστελλομένης
401 3100 434 3146 L:
455 3094 619 3165 στελλομένης
639 3100 704 3148 VM:
724 3096 808 3149 oblitt.
828 3096 854 3146 in
873 3099 893 3147 Ρ
982 3093 1188 3164 τεκμηριιόσαντο
1208 3098 1248 3146 M:
1269 3094 1355 3146 oblim.
1374 3095 1401 3145 in
1421 3098 1440 3146 Ρ

154 3181 236 3238 Nun
254 3186 289 3233 L:
309 3181 345 3239 ὡς
364 3186 430 3233 VM:
450 3184 533 3234 oblitt.
553 3185 578 3234 in
598 3188 620 3235 P
737 3186 753 3236 3
772 3183 907 3235 ἀποδίδωσι
927 3187 989 3234 l'M:
1009 3181 1093 3234 δίδωσι
1111 3185 1158 3232 LV
1282 3179 1379 3233 ἐπειδὰν
1398 3179 1422 3232 δ’
1444 3186 1503 3233 LV:

153 3269 250 3321 ἐπειδὰν
270 3273 310 3321 M:
330 3265 407 3320 ἔστιδ’
428 3269 457 3320 ἂν
475 3274 496 3321 Ρ
575 3272 590 3322 4
610 3269 765 3340 κατεσβέσθη
785 3275 819 3322 L:
839 3270 977 3340 κατέσβησε
997 3274 1037 3321 M:
1057 3269 1166 3338 κατέσβη
1187 3272 1218 3318 V:
1238 3267 1297 3339 ἔσβη
1317 3272 1337 3320 Ρ
1415 3269 1504 3338 μηδὲν]

154 3356 216 3425 μηδὲ
236 3361 259 3406 V
351 3357 569 3424 ταμιεσάμενοςλί
669 3357 741 3411 θὸτι
760 3363 841 3411 LVP:
862 3358 923 3409 διότι
942 3361 969 3408 Μ
1068 3356 1236 3426 θὐπόστησιν
1255 3359 1313 3419 (om.
1334 3354 1405 3419 ἰδίαν)
1424 3360 1451 3408 Μ

152 3449 225 3512 γεννᾶ
242 3446 303 3495 πεΙ,
410 3442 536 3512 θόγὰρ]
555 3445 571 3514 ἡ
589 3445 672 3515 γόρΜ
780 3450 894 3515 θτροφγ]
915 3448 973 3496 VP:
993 3445 1072 3514 τροφὴ
1092 3448 1125 3495 L:
1144 3447 1239 3513 τροφῆς
1258 3446 1286 3494 Μ
1392 3459 1504 3496 συναναι·

154 3536 229 3602 ρεῐται
243 3535 300 3582 VP:
320 3536 486 3599 συναναιρεῖτο
504 3534 540 3597 (αι
559 3534 585 3584 in
605 3553 621 3603 η
641 3533 716 3599 corr.)
730 3535 774 3585 L¹:
794 3540 945 3602 συνανερεῐτε
959 3536 986 3584 Μ
1093 3531 1157 3583 ὥστε
1176 3535 1197 3583 Ρ
1280 3531 1311 3583 10
1329 3530 1504 3600 ἐντυφωμίνου

154 3622 194 3670 M:
221 3618 306 3669 oblitt.
326 3619 353 3669 in
373 3622 393 3670 Ρ
500 3618 609 3671 fortasse
628 3622 704 3673 scrib.
724 3627 768 3688 μὲν
787 3620 953 3690 ἐντυφομνίνου
1062 3620 1091 3671 l?
1120 3618 1234 3688 δηλονότι
1252 3624 1280 3671 Μ
1385 3618 1505 3690 ἀγένητος

153 3725 195 3756 ιιι
214 3704 347 3773 ἀγέννητοτ
366 3709 482 3758 LVPMa
591 3709 621 3759 13
640 3708 698 3777 φέρε
711 3711 770 3759 LV:
790 3708 858 3779 φέρει
867 3712 918 3760 ΡΜ
1025 3723 1098 3776 φησιν
1116 3707 1129 3759 6
1148 3711 1207 3759 LV:
1226 3723 1285 3776 φησι
1304 3711 1362 3772 (om.
1376 3705 1400 3768 6)
1412 3710 1464 3759 PM

155 3792 186 3843 14
209 3791 270 3843 αθτὸ
288 3791 411 3842 Turneb.:
440 3790 500 3844 αὑτὸ
519 3792 577 3845 libri
685 3795 717 3847 15
736 3794 935 3864 πεφιλοσόφηκεν
954 3800 987 3846 L:
1007 3794 1191 3864 πεφιλοσόφηκε
1210 3798 1285 3847 VPM
1395 3795 1425 3846 16
1445 3795 1503 3846 ἀνά-

152 3877 219 3936 λυσις
238 3882 304 3930 VM:
324 3877 445 3936 ἀνάλυσις
463 3884 496 3930 L:
516 3880 601 3932 oblitt.
621 3883 647 3932 in
667 3887 687 3934 P
795 3883 829 3933 20
847 3883 932 3952 φυτόν,
952 3883 986 3940 ὡς
1002 3883 1083 3935 Diels:
1103 3886 1176 3951 φυτῷ
1194 3883 1254 3934 libri
1274 3898 1331 3933 cum
1351 3882 1422 3934 hiatu

153 3967 216 4035 ζῷον
230 3970 263 4017 L:
291 3961 349 4035 ζῴῳ
370 3969 446 4018 VPM
561 3968 591 4019 21
621 3970 664 4021 καὶ
682 3968 759 4038 ζῷον]
778 3972 821 4021 καὶ
839 3974 932 4022 om.V
1048 3969 1080 4022 23
1109 3968 1155 4021 οόκ
1238 3968 1279 4038 οὔ]
1304 3986 1365 4022 cave
1383 3966 1439 4022 οὔτ’

152 4054 209 4106 οὔτε
227 4055 349 4117 conicias,
369 4053 400 4104 οί.
420 4054 482 4105 Vita
501 4055 577 4106 Mosis
598 4055 652 4107 135
671 4056 705 4119 (Μ
722 4058 768 4108 lll
781 4059 822 4120 Μ.)
841 4057 887 4109 ουκ
906 4057 1037 4129 αθθιγενὴς
1049 4057 1078 4110 ού
1097 4060 1245 4130 χειμάρρους
1263 4077 1288 4108 κ.
1297 4075 1319 4109 τ.
1330 4056 1362 4121 λ,
1381 4064 1406 4110 et
1424 4074 1503 4126 supra

156 4143 230 4203 1611
341 4141 491 4209 σπέρματος]
511 4142 627 4208 σώματος
646 4147 673 4194 Μ

156 4402 193 4453 λύ.
216 4403 246 4454 16
274 4402 353 4453 Oeen.
373 4402 468 4455 Lucan.
490 4403 573 4471 15613
600 4403 630 4458 Οί
649 4403 674 4455 δὲ
694 4406 785 4475 καρποὶ
809 4405 851 4455 καλ
874 4405 904 4456 τά
928 4405 1029 4458 πλεῖστα
1052 4412 1103 4457 τῶν
1124 4405 1261 4477 βιζοφότων
1285 4407 1334 4460 ἀπό
1353 4410 1501 4480 σπερμάτων

151 4489 271 4559 ἀνέλαβον
289 4490 335 4559 τὴν
354 4490 433 4561 ἀρχὴν
453 4495 498 4560 τῆς
516 4491 643 4559 γενέσεως,
664 4491 832 4560 καρπωθέντα
851 4492 876 4544 δὲ
896 4495 939 4544 καλ
957 4492 1181 4564 τελεσφορησαντα,
1208 4493 1280 4545 πάλιν
1299 4496 1338 4547 ἐπὶ
1357 4497 1384 4548 τό
1405 4499 1500 4566 σπέρμα

151 4579 197 4648 τὴν
216 4577 329 4630 ἀνάλυσιν
349 4585 505 4630 ποιεῖται
542 4579 573 4630 cf.
595 4579 630 4632 De
649 4579 709 4645 opif.
732 4581 820 4632 mnndi
842 4581 873 4632 13
893 4582 984 4646 (13,14
998 4581 1035 4643 (ἲ.)
