3532 5394
765 332 1020 386 Pnonuuouuna
1500 338 1573 377 xxm

300 503 418 569 Verum
447 503 531 570 euim
559 524 636 570 vero
662 525 727 569 nou
754 510 827 588 post
850 503 1027 586 Philonem,
1059 504 1118 569 sed
1144 509 1220 568 ante
1243 503 1388 569 Philonis
1419 505 1573 588 pleraque

215 625 315 689 opera
335 605 450 671 librum
473 606 543 691 Περὶ
567 607 733 692 ἀφθαρσίας
754 605 967 689 couscriptum
991 625 1063 670 esse
1086 625 1126 669 ex
1149 604 1274 670 iudiciis
1297 605 1487 688 quibusdam
1502 627 1573 690 per-

215 706 359 791 spicuum
383 714 441 773 est.
485 707 569 773 Nam
599 727 682 791 quae
704 707 736 771 iu
760 707 822 771 hoc
844 706 926 772 libro
950 728 980 791 p.
997 707 1096 789 43,12
1120 726 1160 772 ex
1183 706 1408 790 Theophrasto
1431 709 1483 772 vel
1506 707 1571 771 alio

214 816 345 875 auctore
368 818 521 893 excerpta
548 818 632 893 sunt,
659 810 693 874 in
716 809 791 874 Vita
811 808 910 873 Mosis
933 807 986 892 [cf.
1010 815 1082 874 test.
1099 810 1119 874 l.
1136 807 1178 893 α]
1207 808 1249 872 ad
1277 809 1432 873 diluvium
1461 816 1493 874 et
1516 809 1573 875 So

213 910 381 976 domorum
404 912 604 978 exustionem
621 911 711 976 Philo
735 909 906 976 transtulit.
951 909 1065 993 Neque
1087 909 1194 975 obstat
1209 911 1377 975 Platonem
1400 910 1465 975 iam
1487 911 1573 976 simi-

213 1011 258 1077 lia
279 1012 410 1098 dixisse,
433 1033 505 1078 cum
527 1013 589 1079 loci
612 1013 684 1079 libri
706 1013 778 1098 Περὶ
794 1012 961 1098 ἀφθαρσίας
983 1017 1015 1076 et
1031 1009 1125 1076 Vitae
1141 1010 1238 1076 Mosis
1261 1011 1359 1077 etiam
1381 1011 1435 1077 ubi
1458 1032 1478 1077 a
1502 1014 1573 1078 Pla·

214 1120 289 1180 tone
311 1115 433 1181 distant
455 1115 576 1181 similes
598 1115 671 1198 sint,
693 1115 740 1179 ita
762 1121 797 1179 ut
819 1120 978 1197 appareat
1001 1112 1169 1177 Philonem
1196 1112 1229 1177 in
1256 1113 1336 1178 libro
1362 1113 1432 1200 Περὶ
1461 1117 1572 1200 ἀφθαρ-

214 1217 278 1285 σίας
300 1217 558 1301 Theophrastum
582 1223 615 1282 et
637 1217 805 1282 Platonem
829 1214 1067 1281 contaminasse
1089 1221 1132 1296 et,
1155 1234 1226 1279 cum
1249 1214 1356 1279 Vitam
1378 1215 1476 1281 Musis
1499 1217 1573 1280 scri-

213 1317 315 1402 beret,
331 1339 396 1383 non
412 1319 581 1384 Platonem
597 1319 650 1384 vel
665 1318 935 1402 Theophrastum,
958 1317 1014 1383 sed
1032 1335 1116 1399 quae
1131 1316 1202 1400 ipse
1217 1336 1258 1381 ex
1274 1315 1321 1383 eis
1337 1324 1571 1401 composuerat,

214 1428 290 1485 aute
312 1422 422 1486 oculos
444 1419 607 1486 habuisse.
632 1459 672 1467 -
694 1421 817 1486 Eadem
840 1419 967 1485 ratione
989 1418 1079 1503 [bag.
1096 1420 1150 1483 all.
1176 1416 1260 1502 133]
1285 1437 1355 1482 cum
1379 1419 1571 1484 senteutiam

213 1523 229 1586 ὁ
252 1529 352 1609 ψυχῆς
374 1524 500 1592 θάνατος
521 1525 628 1607 ἀρετῆς
650 1524 748 1607 φθοραί
770 1523 832 1586 ἐστι
855 1528 1019 1603 exararet,
1048 1521 1235 1586 memoriam
1261 1520 1390 1603 repetiit
1411 1520 1488 1585 dicti
1511 1521 1572 1586 Hc·

212 1624 336 1689 raelitei
364 1625 451 1707 quod
476 1625 509 1689 iu
538 1624 620 1689 libro
644 1625 716 1710 Περὶ
744 1625 909 1709 ἀφθαρσίας
935 1623 1103 1688 rettulerat
1135 1622 1275 1708 [33,18]:
1308 1621 1341 1686 εὖ
1369 1624 1416 1685 καὶ
1444 1620 1571 1705 δἯρσί-

213 1729 324 1796 κλειτος
346 1726 377 1789 ἐν
400 1727 443 1796 οἷς
465 1749 553 1811 φησι·
577 1731 692 1812 ψυχῇσι
714 1727 839 1795 θάνατος
861 1727 938 1811 ὕδωρ
961 1726 1111 1808 γενέσθαι,
1146 1732 1179 1789 et
1201 1724 1247 1789 sio
1269 1725 1417 1789 effectum
1446 1730 1509 1799 est,
1537 1729 1572 1787 ut

213 1828 309 1910 paulo
338 1833 412 1911 post
433 1828 630 1894 Heraclitum
658 1827 780 1892 eisdem
808 1826 916 1893 verbis
944 1827 1104 1893 laudaret:
1138 1825 1178 1890 cd
1201 1828 1259 1891 καὶ
1283 1829 1298 1890 ὁ
1321 1824 1364 1890 ‘H
1373 1827 1570 1910 perterret,

212 1928 287 1992 κατὰ
310 1934 394 1992 τοῦτο
418 1928 575 1999 Μιυϋσέως
596 1930 801 2013 ἀκολουθήσας
823 1935 866 2016 τῷ
891 1929 1020 2013 δόγματι,
1044 1931 1130 2015 φησὶ
1152 1931 1228 2014 γάρ·
1264 1935 1361 2014 ζῶμεν
1384 1931 1432 1993 τὸν
1453 1929 1570 1992 ἐκείνων

213 2032 339 2094 θάνατον
368 2056 395 2096 κ.
413 2056 437 2096 τ.
454 2034 481 2095 λ.
531 2031 666 2114 Singula
699 2051 825 2114 quoque
859 2031 999 2115 priorum
1034 2032 1223 2114 scriptorum
1247 2032 1424 2106 enuntiata,
1457 2029 1571 2112 quihus

213 2151 313 2216 saepe
335 2132 435 2197 utitur
457 2132 567 2216 Philo,
589 2133 621 2199 in
644 2131 725 2197 libro
749 2133 799 2198 De
820 2132 1121 2216 incorruptibilitate
1143 2134 1278 2217 primum
1302 2133 1442 2216 protulit.
1487 2131 1571 2196 Nam

212 2233 265 2299 ubi
293 2235 453 2318 poeticam
476 2235 606 2301 Homeri
634 2254 747 2300 vocem
775 2237 884 2319 κομιδῇ
907 2238 1009 2320 νήπιος
1035 2235 1164 2302 iteravit
1191 2235 1237 2320 [p.
1256 2234 1366 2318 23,6],
1395 2233 1502 2300 verbis
1524 2235 1571 2297 ἵνα

211 2337 292 2419 κάγὼ
315 2338 474 2422 χρήσωμαι
497 2342 557 2407 τοῖς
579 2339 699 2422 ἡλικιῶν
723 2336 847 2420 ὀνόμασι
870 2357 905 2403 se
929 2337 1107 2421 excusavit,
1146 2347 1178 2403 et
1212 2358 1284 2402 cum
1306 2335 1406 2420 ignoti
1430 2336 1570 2400 auctoris

210 2436 341 2522 dictum,
363 2439 417 2523 qui
439 2446 565 2506 uterum
587 2441 620 2502 τὸ
643 2445 696 2524 τῆς
718 2439 834 2523 φύσεως
855 2441 1043 2524 ἐργαστήριον
1066 2447 1251 2522 vocaverat,
1274 2438 1418 2522 referret,
1443 2444 1482 2508 ὡς
1505 2438 1569 2502 εἶπέ

208 2562 250 2607 τις
271 2538 393 2606 addere
415 2562 481 2606 non
505 2541 657 2624 neglexit.
702 2540 793 2619 Quae
816 2549 931 2625 postea
952 2543 995 2606 ad
1011 2542 1164 2607 novitatis
1187 2542 1250 2606 vim
1268 2540 1400 2606 obtusus
1415 2548 1568 2623 tauquam

208 2640 268 2705 sibi
290 2642 423 2726 propria
450 2643 547 2709 tacite
576 2643 714 2709 orationi
742 2661 819 2708 suae
846 2643 983 2709 intexuit
1017 2642 1264 2728 [cf.1nd.s.r.
1291 2645 1400 2727 κομιδῇ
1429 2648 1462 2709 et
1485 2644 1569 2728 ἐργα-

208 2741 350 2830 στήριον].

293 2846 342 2910 Ex
364 2846 414 2911 his
436 2847 601 2913 conficitur
624 2847 738 2912 librum
755 2847 826 2932 Περὶ
850 2847 1015 2932 ἀφθαρσίας
1037 2848 1149 2932 κόσμου
1165 2847 1333 2913 Philonem
1350 2847 1568 2931 composuisse

207 2944 459 3027 adulescentem,
482 2949 569 3032 quod
591 2949 689 3015 etiam
711 2968 752 3014 ex
774 2948 878 3013 forma
906 2956 938 3014 et
960 2950 1067 3033 specie
1090 2951 1188 3015 totius
1211 2949 1318 3033 operis
1341 2950 1469 3015 elucere
1490 2948 1567 3013 mihi

206 3049 343 3116 videtur.
387 3050 471 3115 Nam
493 3051 644 3117 iuvenilis
667 3057 715 3115 est
738 3069 777 3116 ac
801 3052 915 3117 tironis
937 3051 1067 3135 propria
1089 3052 1145 3116 illa
1168 3059 1324 3135 perpetua
1347 3051 1495 3116 similium
1519 3071 1568 3115 ar-

205 3159 428 3232 gumentorum
443 3151 570 3219 iteratio
595 3151 753 3237 [Beruaye
768 3153 810 3217 ad
826 3154 925 3237 247,3
949 3154 1037 3220 etad
1056 3154 1178 3238 263,3],
1200 3154 1258 3218 illa
1273 3151 1443 3218 verborum
1459 3160 1567 3218 coutu-

206 3253 316 3337 melia,
350 3254 465 3336 quibus
492 3254 523 3318 iu
557 3254 762 3319 adversarios
789 3255 962 3339 invehitur,
1000 3256 1120 3338 [ΠΛΟ.
1149 3256 1300 3337 22‚1.10.
1329 3255 1437 3338 3226.
1466 3255 1566 3338 39,16

205 3356 289 3437 etc.],
312 3354 371 3420 illa
393 3355 506 3421 crebra
529 3355 676 3421 Platonis
699 3356 752 3420 vel
774 3355 937 3440 Euripidis
960 3358 1014 3422 vel
1040 3356 1067 3421 si
1094 3357 1164 3439 quis
1191 3364 1361 3440 praeterea
1387 3357 1421 3421 iu
1447 3357 1566 3421 scholis

205 3456 370 3522 terebatur
392 3457 605 3541 philosophus
628 3460 680 3524 vel
704 3464 811 3542 poeta,
836 3464 997 3543 excerpta.
1042 3458 1192 3523 Nondum
1215 3477 1306 3523 suam
1330 3458 1390 3523 sibi
1412 3459 1498 3525 viam
1521 3459 1566 3523 in-

206 3559 295 3624 veuit
318 3558 454 3642 scriptor
475 3580 536 3626 neo
558 3579 636 3626 nare
660 3560 730 3626 sine
752 3560 871 3625 cortice
898 3560 1007 3637 audet,
1035 3560 1092 3626 sed
1120 3561 1261 3643 priorum
1289 3560 1427 3642 vestigia
1449 3562 1566 3644 premit

205 3666 371 3727 eteorum
397 3661 551 3726 auxilium
580 3670 738 3746 perpetuo
766 3662 906 3727 invocat.
962 3663 1031 3728 Hoc
1064 3683 1145 3745 opus
1178 3660 1296 3726 amoris
1329 3661 1415 3727 illius
1448 3683 1511 3745 quo
1544 3682 1566 3728 a

204 3762 307 3847 prima
329 3769 438 3829 aetate
465 3764 498 3829 iu
521 3763 758 3849 philosophiam
786 3762 978 3846 flagrarit1),
1005 3763 1126 3829 fructus
1149 3764 1276 3830 videtur
1299 3784 1370 3830 osse
1392 3763 1564 3850 primus⁹);

275 4106 294 4170 ¹)
314 4106 352 4158 lle
370 4121 440 4174 spec.
459 4105 509 4175 leg.
529 4106 564 4158 lll
587 4107 596 4157 l
619 4105 654 4171 (ll
668 4103 720 4157 300
732 4105 778 4169 Μ.)
797 4104 841 4157 τὸν
859 4104 888 4156 ἐκ
907 4103 1010 4175 πρώτης
1028 4104 1127 4174 ἡλικίας
1147 4103 1303 4173 ἐνιδρυμένον
1322 4105 1356 4175 τῇ
1367 4103 1439 4177 ψυχῇ
1453 4103 1563 4164 παιδείας

200 4195 287 4263 ἵμερον
310 4191 386 4262 ἔχων.
432 4192 470 4245 Da
494 4192 598 4244 animal.
613 4191 646 4243 73
670 4191 691 4256 (l
713 4191 760 4243 161
782 4192 824 4254 Α.)
850 4209 880 4241 ex
902 4193 1022 4243 iuventute
1046 4193 1071 4243 ιἰι
1094 4193 1139 4242 hac
1163 4192 1268 4242 nutritur
1291 4210 1341 4242 euru
1365 4192 1494 4258 disciplina
1514 4193 1562 4258 (sc.

200 4279 387 4348 philosophia),
407 4279 442 4328 ad
458 4278 625 4329 inveniendam
642 4280 765 4329 veritatem
785 4289 857 4344 atque
876 4280 994 4330 nominum
1012 4289 1159 4330 υαιιαοίαιιιιι
1182 4279 1432 4348 interpretationisque
1451 4279 1562 4329 eelerita-

199 4379 244 4418 tem
263 4386 310 4417 aon
328 4367 479 4418 mediocriter
493 4368 601 4431 percepi,
618 4366 662 4415 sed
678 4377 742 4416 certe
761 4384 790 4416 oc
809 4384 864 4416 vere
883 4367 946 4417 novi.

271 4454 293 4519 ²)
314 4453 403 4506 Utrum
423 4452 488 4505 liber
507 4452 656 4510 (laoderus.
673 4470 713 4517 pr.
734 4453 773 4504 lid.
795 4454 865 4521 prior
883 4455 918 4506 sit
937 4469 971 4505 an
985 4453 1112 4520 posterior
1129 4469 1183 4505 non
1202 4453 1293 4521 liquet,
1313 4458 1381 4506 carte
1400 4454 1432 4506 ab
1447 4455 1494 4505 hoc
1507 4470 1561 4506 nou

200 4539 310 4593 multum
323 4539 391 4592 aluit
409 4537 453 4607 [cf.
467 4555 492 4607 p.
506 4557 537 4591 nr
555 4555 581 4591 n.
597 4538 632 4607 l].
660 4539 757 4592 Eadem
771 4541 871 4592 ratione
884 4544 944 4609 post
957 4539 1091 4593 exordium
1105 4544 1130 4592 st
1150 4544 1291 4609 antequam
1305 4541 1559 4611 argumentationem
