3532 5394
691 353 945 407 PROLEGOMENA
1480 357 1499 394 V

140 525 239 590 illaa
271 524 446 590 oottidiano
469 546 617 592 sermone
650 525 822 592 remotiora
855 525 1013 591 voeabula
1040 532 1072 591 et
1102 524 1230 608 diota¹).
1281 524 1386 603 Quid?
1414 532 1498 591 totas

141 627 261 711 profert
286 627 464 692 sententiae
486 647 569 709 quae
591 627 625 691 iu
646 628 718 692 aliia
734 627 880 693 Philonis
897 626 1046 711 oporibus
1065 627 1223 691 iterantur
1231 627 1265 710 ²),
1293 628 1338 692 ita
1366 634 1410 710 ut,
1438 629 1497 693 nisi

141 736 253 795 auotor
275 728 370 793 huius
392 727 513 811 dialogi
541 729 633 793 Philo
656 729 726 813 ipse
749 737 844 811 esset,
868 729 987 812 scripta
1010 728 1078 793 eius
1104 728 1249 811 expilata
1272 749 1342 795 esse
1364 730 1498 796 diceres.

141 830 206 896 Sed
231 830 394 897 neminem
417 830 609 896 erediturum
637 831 750 914 opinor
776 831 968 896 imitatorem
996 830 1128 896 ludendi
1156 850 1254 895 eausa
1281 838 1346 895 tam
1374 832 1497 913 sedulo,

141 941 206 998 tam
228 932 391 1011 industrie
415 931 605 998 Philoneum
628 953 808 998 sermonem
832 931 1039 1015 expressisse.
1084 932 1207 1015 Ecquid
1231 933 1298 997 veri
1322 941 1371 998 est
1394 933 1498 997 simile

139 1034 308 1099 falsarium
330 1033 389 1099 sub
412 1033 540 1099 nomine
564 1034 708 1098 Philonis
735 1033 876 1122 nondum
907 1041 963 1097 aut
985 1035 1040 1098 vix
1062 1034 1176 1099 mortui
1207 1035 1349 1117 amplum
1373 1054 1499 1117 oompo·

140 1136 244 1202 suiaae
267 1156 348 1220 opus
371 1143 404 1202 et
425 1136 515 1200 illurn
538 1137 768 1221 ψευδεπίγραφον
792 1134 907 1199 librum
931 1142 1005 1200 tuno
1031 1136 1115 1200 inter
1137 1134 1312 1201 Philoneos
1335 1142 1498 1218 receptum

212 1437 232 1503 ¹)
256 1437 350 1489 Notavi
369 1436 546 1507 ἀνερμάτιστος
574 1435 608 1500 (υ.
640 1434 681 1499 6),
709 1431 893 1501 αίνιγματῶδης
916 1432 988 1498 (25),
1015 1432 1127 1503 ἀψοφητί
1146 1434 1218 1500 (20),
1245 1433 1411 1502 lotapatae
1431 1435 1499 1500 (15),

140 1522 296 1593 ἀπελαφρίζω
316 1523 383 1590 (15),
406 1521 552 1589 ἐνδοιασμός
570 1521 637 1586 (33),
656 1521 814 1592 ζωγράφημα
833 1519 899 1585 (21),
924 1520 1112 1590 3υμηρέστατος
1134 1522 1196 1586 (26),
1219 1519 1395 1587 θαλαμεύομαι
1414 1519 1499 1586 (103),

140 1611 253 1681 κηραίνω
272 1610 339 1676 (16),
357 1608 507 1679 καραδοκέω
526 1608 591 1675 (27),
610 1607 727 1677 όξυωπης
742 1606 808 1671 (16),
827 1607 1007 1677 παρευημερέω
1025 1607 1092 1672 (20),
1111 1607 1266 1678 ὐποικουρέω
1279 1607 1333 1670 (33)
1352 1607 1383 1658 do
1403 1608 1498 1674 quibua

139 1697 321 1766 Siegiriedium
342 1697 426 1762 (ΡΙιιῖο
444 1715 488 1746 ooo
509 1695 663 1745 Alexandria
683 1696 744 1746 lena
760 1693 837 1759 1875)
857 1693 972 1745 conferre
992 1693 1060 1745 lieet.
1090 1694 1151 1746 Aiia
1168 1695 1196 1745 in
1215 1695 1326 1746 indicem
1346 1695 1430 1760 recepi
1450 1696 1497 1745 sub

140 1801 163 1836 ν.
176 1783 275 1855 ἀθρόος,
289 1783 393 1853 ἀχανής,
413 1783 567 1847 ἀδιάστατος,
587 1779 794 1850 ἀνθρωπογονεῖν,
810 1781 919 1852 ἐρευνᾶν,
939 1779 1040 1847 θεσμός,
1058 1784 1141 1852 κῆρες,
1155 1780 1301 1850 κατάψυξις,
1315 1780 1499 1848 κατασκηπτω,

139 1873 247 1942 μοιρόω,
265 1869 405 1938 μεθοδεύω,
424 1868 596 1937 ὁμοιότροπος,
615 1867 754 1939 πρόσραξις,
774 1869 847 1938 φορά.
879 1897 911 1904 -
940 1866 977 1919 Cf.
1002 1883 1024 1919 e.
1047 1867 1081 1920 23
1105 1867 1195 1919 παθῶν
1219 1868 1261 1918 καὶ
1285 1869 1436 1934 νοσημάτων
1455 1867 1498 1916 καὶ

139 1958 346 2029 ἀρρωστημάτων
359 1967 384 2009 et
396 1956 434 2008 De
447 1954 511 2023 opii.
525 1972 557 2007 m.
572 1954 604 2005 52
624 1958 659 2022 (p.
674 1954 760 2019 57,14
774 1954 866 2017 Cohn).
898 1953 1004 2024 μηδενὸς
1017 1954 1214 2026 ἀρρωστήματος
1227 1953 1242 2023 η
1256 1955 1398 2020 νοσήματος
1416 1953 1431 2019 ἡ
1452 1954 1497 2003 ποί-

138 2041 200 2101 θυυς
215 2069 250 2081 -—
270 2060 292 2095 ο.
306 2043 340 2095 23
358 2042 407 2095 ὐπὸ
420 2047 465 2111 τῆς
477 2047 530 2093 τῶν
543 2040 593 2102 ἔξω
606 2039 825 2109 περιαυγασθέντες
838 2040 1015 2111 λαμπρότητος
1034 2046 1059 2092 et
1079 2042 1114 2092 rte
1128 2043 1233 2094 sobriat.
1246 2040 1262 2092 3
1281 2041 1315 2106 (11
1331 2039 1383 2092 395
1398 2043 1441 2101 11.)
1465 2043 1497 2109 τη]

138 2138 191 2183 τῶν
213 2135 333 2201 τυχηρῶν
355 2127 513 2199 λαμπρότητι
531 2127 763 2196 περιαυγαζόμενος.
790 2157 819 2164 -
851 2145 871 2179 o.
890 2127 923 2179 26
952 2126 1144 2199 θυμηρεστάτην
1168 2134 1272 2195 γυναῖκα
1296 2132 1321 2178 et
1345 2128 1381 2178 De
1402 2127 1497 2178 Abrah.

138 2217 172 2270 42
191 2218 226 2284 (11
246 2216 291 2281 36)
310 2217 327 2284 ἡ
346 2216 407 2285 γυνη
427 2215 603 2286 θυμηρεστάτη
622 2245 654 2253 -
675 2232 697 2268 o.
712 2217 745 2267 24
765 2215 801 2266 ῶν
820 2214 876 2267 οὐδὲ
895 2213 1002 2286 ἀριθμὸν
1020 2214 1098 2285 εὐρεῖν
1117 2215 1230 2286 εὐπορον.
1269 2214 1364 2266 Eadem
1388 2214 1499 2265 formula

138 2307 246 2357 iteratur
260 2304 296 2356 Da
316 2305 396 2356 anim.
415 2319 479 2355 eaor.
500 2303 535 2354 id.
553 2304 564 2353 1
585 2304 621 2368 (11
641 2302 764 2367 23811).
784 2331 816 2339 -
837 2302 863 2354 C.
880 2302 928 2353 108
946 2301 975 2353 τὸ
994 2304 1040 2373 γὰρ
1058 2300 1254 2370 ἀνθρωπυβόρυν
1273 2299 1385 2372 (θηρίον)
1405 2300 1497 2369 κροκό-

138 2389 217 2448 δειλος
236 2389 269 2442 ci.
288 2391 325 2444 lte
344 2406 439 2458 praem.
453 2395 479 2441 et
493 2389 584 2457 poenis
604 2405 625 2441 ο.
641 2390 672 2442 15
692 2388 803 2454 (11422)
823 2385 1007 2460 ἀνθρωποβόρα
1027 2389 1080 2458 ζηῖα
1099 2389 1157 2446 τοὺς
1175 2387 1359 2459 κροκοδεθους.
1380 2416 1412 2426 --
1426 2404 1447 2440 υ.
1462 2387 1492 2439 31

139 2480 186 2546 τῆς
205 2475 400 2545 μεγαλοπόλεως
417 2475 488 2529 τοῦδε
506 2479 551 2528 τοῦ
570 2476 677 2544 κόσμου.
715 2476 752 2529 Cf.
771 2476 808 2528 De
827 2476 936 2542 Iosepho
956 2477 971 2527 6
991 2477 1027 2542 (11
1046 2475 1079 2527 46
1099 2476 1144 2540 11.)
1163 2475 1178 2543 ἡ
1198 2476 1243 2542 μὲν
1266 2477 1311 2544 γὰρ
1330 2474 1497 2543 μεγαλόπολις

138 2562 179 2616 tte
198 2563 212 2616 δ
231 2563 327 2632 κόσμος
345 2563 405 2615 έστί.

157 2673 160 2676 ’
208 2651 227 2710 ⁷)
250 2651 288 2702 De
301 2648 376 2701 Prov.
395 2649 465 2703 oto
483 2650 642 2716 (1163611.)
663 2644 825 2701 Μαθέτωσαν
838 2648 863 2701 δέ
883 2650 926 2700 καὶ
939 2647 991 2701 όσοι
1010 2648 1053 2701 έπ’
1068 2647 1166 2711 εὐτονία
1185 2647 1340 2719 πεφύσηνται
1360 2649 1395 2717 μὴ
1415 2647 1495 2716 ὐψαυ·

136 2745 191 2810 χεῖν
205 2736 334 2794 ἀπιδόντες
347 2737 381 2795 είς
393 2739 438 2796 τάς
456 2743 508 2788 τῶν
527 2737 630 2807 ἡμέρων
649 2738 693 2788 κα1
711 2733 853 2788 ἀτιθάσσων
872 2734 1019 2805 ἀμυθήτους
1037 2734 1126 2804 ἀγέλας
1146 2735 1184 2792 αίς
1204 2736 1275 2807 ἰσχὺς
1293 2737 1336 2787 καὶ
1350 2735 1425 2806 ῥώμη
1439 2751 1497 2804 συγ-

134 2825 278 2894 γεγένηται·
305 2829 358 2876 τῶν
383 2826 429 2895 γὰρ
448 2824 620 2875 ἀτοπωτάτων
640 2824 704 2875 ἐστὶν
724 2823 763 2875 ἐπὶ
781 2822 878 2895 θηρίων
897 2825 994 2892 ἀρεταῖς
1011 2824 1054 2874 καὶ
1072 2827 1151 2873 ταῦτα
1170 2822 1422 2895 παρευημερούμεναν
1446 2821 1495 2873 ὐπ’

134 2911 222 2963 αὐτῶν
242 2907 378 2980 ἄνθρωπον
397 2910 456 2963 ὄντα
475 2908 646 2977 σεμνύνεσθαι.
689 2907 736 2962 Διά
753 2909 777 2961 τί
795 2906 819 2962 δ’
840 2910 870 2961 όν
884 2928 920 2967 τις
939 2909 1066 2981 εὐφρονῶν
1085 2909 1124 2961 ἐπὶ
1144 2909 1262 2978 σώματος
1280 2909 1402 2979 εὐμορφίᾳ
1421 2909 1495 2978 ἀγάλ-

134 2997 203 3050 λοιτο
215 3036 221 3048 .
233 3035 257 3048 ..
286 2996 353 3065 ὁρῶν
372 2997 398 3048 έν
417 2995 525 3068 ἀψύχοις
543 2998 703 3069 περιμάχητα
722 2995 900 3068 καλλιγράφων
920 2997 978 3067 ῖργα
1006 2997 1049 3047 καὶ
1068 2995 1187 3048 πλαστῶν
1206 2999 1249 3049 καῖ
1268 2997 1353 3049 ἄλλων
1371 3004 1494 3070 τεχνιτῶν

134 3084 161 3136 έν
178 3102 206 3136 τε
224 3083 408 3154 ζωγραφήμασι
426 3085 469 3135 καὶ
488 3082 598 3154 ἀνδριάσι
616 3083 660 3134 καὶ
678 3083 817 3151 φασμάτων
836 3082 967 3139 ποικιλίαις
985 3077 1126 3134 offirmo
1145 3084 1188 3135 καὶ
1202 3084 1319 3155 βαρβάρῳ
1339 3086 1405 3136 κατὰ
1424 3083 1494 3135 πόλιν

135 3171 243 3240 ἑκάστην
261 3169 443 3236 εὐδοκιμοῦντα
466 3192 500 3212 =
519 3170 556 3221 De
575 3169 670 3222 Abrah.
691 3168 724 3220 45
744 3169 778 3235 (11
798 3168 843 3233 38)
871 3165 936 3220 ’ἀλλ’
961 3167 1018 3219 οὐδ’
1046 3169 1086 3220 ἐπὶ
1114 3178 1164 3228 τοῖς
1192 3172 1247 3242 περὶ
1271 3189 1300 3223 το
1329 3177 1403 3238 σῶμα
1431 3171 1494 3239 μέγα

135 3265 234 3329 φρονεῖν
252 3255 320 3316 ἀξιον
339 3257 364 3308 έν
382 3255 418 3312 οἶς
435 3259 468 3308 τὰ
486 3255 549 3308 ἄλλα
568 3257 621 3317 ζῶα
641 3254 716 3307 πλίον
735 3256 796 3324 έχει.
833 3251 876 3310 Τίς
900 3257 946 3325 γὰρ
969 3253 1112 3323 ἀνθρώπιον
1137 3257 1293 3328 ἰσχυρότερος
1315 3257 1331 3325 ἢ
1356 3255 1493 3326 ῥωμαλεώ-

132 3363 204 3414 τερος
221 3343 313 3414 ταύρου
332 3348 377 3411 μέν
396 3344 422 3395 έν
440 3343 550 3414 ἡμέροις,
569 3344 595 3395 έν
614 3338 640 3394 δ’
660 3343 752 3412 ἀγρίοις
770 3340 869 3397 λέοντος
882 3380 888 3391 .
981 3337 1029 3392 Ἔν
1048 3341 1074 3392 δέ
1093 3349 1130 3412 :qi
1151 3345 1207 3413 περὶ
1226 3342 1334 3400 κάλλους
1353 3345 1431 3412 ἀγῶνι
1450 3345 1493 3395 καὶ

133 3427 187 3482 τῶν
205 3429 313 3500 ἀψύχων
332 3430 385 3481 ένιά
404 3448 446 3496 μοι
465 3427 535 3482 δοκεῖ
553 3435 624 3481 νικᾶν
643 3427 762 3481 όύνασθαι
782 3429 825 3484 τὰς
843 3427 939 3495 ἀνδρῶν
959 3426 1023 3495 δμοῠ
1043 3431 1086 3480 καὶ
1105 3437 1230 3498 γυναικῶν
1250 3429 1399 3498 εὐμορφίας·
1418 3429 1492 3498 ἀγαλ-

133 3535 202 3585 ματα
220 3517 262 3568 κα1
282 3514 357 3576 ξόανα
375 3518 419 3567 καὶ
438 3515 626 3585 ζωγραφήματα
645 3517 688 3567 καὶ
707 3513 819 3570 συνόλως
837 3511 1025 3583 όσαιγραφικῆς
1045 3516 1104 3585 ἔργα
1124 3518 1165 3567 καὶ
1184 3515 1322 3585 πλαστικῆς
1341 3517 1366 3568 έν
1386 3517 1493 3586 έκατέρφ

133 3604 209 3677 τέχνη
238 3600 436 3673 κατορθούμενα,
466 3604 521 3673 περὶ
550 3601 566 3653 ἀ
592 3601 769 3661 σπουδάζουσιν
783 3597 908 3672 Ἕλληνες
931 3601 995 3669 ὁμοῦ
1019 3603 1062 3654 καὶ
1082 3603 1208 3674 βάρβαροι,
1237 3602 1298 3670 πρὸς
1325 3603 1421 3671 κόσμον
1439 3610 1492 3656 τῶν

133 3689 232 3742 πόλεων
251 3687 464 3746 ἀνατιθέντες...
488 3686 500 3759 Η
522 3688 591 3741 ι.23
609 3687 765 3752 (1163711.)
784 3696 948 3759 καταφρονεῖν
968 3690 1012 3755 μέν
1031 3689 1150 3740 ἁπάντων
1169 3687 1214 3742 όσα
1236 3691 1261 3742 αἱ
1275 3691 1345 3743 κεναὶ
1365 3689 1434 3751 δόξαι
1451 3710 1492 3743 τυ-

133 3776 303 3846 φοπλαστοῶσι
316 3798 348 3818 =
361 3776 399 3829 Da
413 3776 495 3844 Gong.
510 3775 580 3828 erud.
595 3791 632 3842 gr.
647 3774 662 3825 4
676 3772 831 3842 [1152111]
849 3782 1076 3846 καταφρονητικῶς
1094 3777 1159 3848 ἔχειν
1178 3776 1316 3837 ἀναδιδάξει
1334 3784 1386 3829 τῶν
1405 3777 1449 3830 όσα
1467 3781 1492 3830 αἱ

132 3866 202 3917 κεναὶ
211 3863 280 3924 δόξαι
290 3862 490 3932 τυφοπλαστοῦσι
500 3860 729 3931 (τυφλοπλαστοίισι
739 3863 821 3931 vulg.)
836 3861 848 3931 (Ι
866 3879 887 3915 c.
899 3862 932 3914 24
952 3863 973 3915 εί
991 3862 1017 3913 ἐν
1037 3863 1090 3930 ἀέρι
1109 3864 1240 3931 γεγένηντο
1255 3863 1371 3933 λοιμικῷ,
1391 3867 1492 3923 πόντιος

132 3950 242 4021 ῶφειλον
261 3954 364 4019 νοσῆσαι
377 3972 410 3993 --
424 3950 461 4002 De
475 3949 534 4017 Gig.
548 3949 597 4014 2(1
612 3947 662 4000 263
676 3949 721 4013 11.)
746 3947 778 4002 Τί
790 3948 823 4016 δέ,
838 3948 885 4001 οὐκ
905 3950 976 4017 ἀέρος
993 3947 1157 4007 κακωθέντος
1169 3951 1198 4002 τὰ
1212 3949 1315 4018 λοιμικά
1334 3950 1492 4004 συνίστασθαι

132 4037 271 4108 παθήματα
289 4036 356 4105 φιλεῖ
375 4034 386 4106 il
408 4052 430 4088 ο.
444 4034 477 4086 27
497 4037 531 4101 (11
552 4036 667 4102 64011.)
686 4035 708 4086 οἱ
722 4074 728 4086 .
743 4075 769 4086 ..
789 4035 837 4087 ὐπὸ
856 4039 903 4104 τῆς
920 4034 1036 4107 λαμπρᾶς
1054 4036 1230 4107 φανερότητος,
1249 4038 1411 4104 ἀπατώμενοι
1433 4039 1492 4091 ταύ-

131 4125 175 4176 τόν
194 4121 332 4176 πεπόνθασι
350 4131 401 4180 τοῖς
420 4122 651 4192 ἀγκιστρευομένοις
670 4121 719 4174 ὐπὸ
737 4128 791 4174 τῶν
810 4120 932 4194 είδεχθῶν
956 4122 1094 4191 έταιριδίων
1119 4123 1199 4191 ἀτὴν
1225 4123 1381 4195 δυσμορφίαν
1405 4124 1491 4195 ἐσθῆτι

131 4212 175 4262 καὶ
193 4212 279 4282 χρυσῷ
298 4210 341 4261 καὶ
358 4216 411 4266 ταῖς
430 4212 476 4279 τῆς
494 4207 580 4279 ὄψεως
597 4210 753 4281 ὐπογραφαῖς
771 4210 953 4272 έπισκιάζοντα,
979 4210 1080 4279 γνησίου
1099 4209 1207 4267 κάλλους
1232 4211 1323 4283 ἀπορίᾳ
1348 4211 1423 4264 νόθον
1446 4209 1489 4264 ἐπ’

130 4297 217 4367 ένέδρφ
244 4303 297 4349 τῶν
324 4294 463 4363 θεωμένων
487 4294 639 4365 δημιουργεῖ.
683 4295 720 4348 (11.
744 4296 806 4364 Leg.
826 4296 867 4348 alr.
892 4297 927 4349 111
953 4295 1040 4363 (1147
1060 4299 1104 4361 11.)
1129 4295 1213 4366 ῶσπερ
1237 4303 1289 4349 τῶν
1314 4298 1419 4368 έταιρῶν
1447 4300 1491 4356 τὰς

130 4382 253 4453 είδεχθεῖς
266 4381 325 4435 ίδεῖν
339 4383 389 4434 ἔστι
402 4381 602 4451 φαρματτούσας,
624 4384 660 4434 De
674 4399 748 4435 mero.
764 4388 850 4436 meret.
864 4383 879 4434 2
899 4384 934 4449 (11
949 4383 999 4434 266
1014 4385 1058 4448 11.)
1079 4380 1198 4452 (Ἡδονή)
1218 4385 1381 4455 προσέρχεται
1400 4384 1492 4455 πόρνης

129 4469 281 4541 τρόπον
300 4466 438 4520 σαλεύυυσα
456 4469 493 4520 τῶ
513 4467 650 4538 όφθαλμῶ,
669 4468 704 4526 οῖς
721 4471 752 4520 τὰ
770 4477 822 4522 τῶν
841 4471 906 4522 νέων
919 4470 1106 4542 ἀγκιστρείιεται
1125 4470 1262 4539 ψυχάς...
1282 4471 1488 4540 ὐπογεγραμμένη

128 4558 176 4624 τὴν
196 4555 253 4625 όψιν
264 4597 270 4607 .
283 4594 306 4606 ..
324 4554 469 4612 πολυτελεῖς
486 4554 594 4624 ἐσθῆτας
612 4556 776 4627 ἀμπεχομένη
859 4554 905 4608 ὅσα
923 4560 1017 4628 χρυσοῦ
1035 4560 1078 4609 καὶ
1096 4555 1175 4609 λίθων
1195 4556 1290 4624 κόσμος
1313 4557 1364 4610 lori
1388 4574 1489 4629 περικα·
