3532 5394
762 365 1017 419 PROLEGOblENA

880 627 896 690 I

295 796 392 861 Miror
419 794 567 877 equidem
595 815 660 859 non
687 794 774 878 quod
802 794 956 860 creditum
984 794 1025 859 sit
1053 793 1114 859 hoc
1141 815 1221 878 opus
1251 794 1449 878 suppositum
1484 815 1567 876 esse,

209 897 269 963 sed
290 897 376 980 quod
399 918 463 962 non
486 896 550 962 iam
574 896 707 980 pridem.
745 897 829 962 Nam
851 897 935 961 inter
957 897 1111 979 pleraque
1128 895 1273 960 Philonis
1288 916 1387 980 opera
1404 904 1436 961 et
1451 896 1566 961 librum

209 999 280 1085 Περὶ
296 1001 460 1085 ἀφθαρσίας
475 1007 540 1064 tam
557 997 729 1064 manifesta
745 1005 874 1081 tamque
890 998 1064 1079 conspicua
1086 1004 1135 1062 est
1157 997 1337 1080 diversitas,
1360 1006 1404 1069 nt,
1426 998 1487 1062 nisi
1511 997 1566 1062 diu

208 1101 367 1166 Philonea
388 1100 496 1166 studia
519 1101 668 1182 neglecta
689 1101 877 1181 iacuissent,
907 1098 971 1163 iam
994 1098 1114 1164 dudum
1140 1099 1182 1164 de
1209 1099 1353 1182 opusculi
1382 1099 1567 1165 sinceritate

208 1202 430 1268 controversie
463 1207 534 1267 orta
567 1209 662 1269 esset.
707 1203 843 1285 Reliqua
870 1200 954 1266 enim
981 1200 1126 1265 Philonis
1153 1220 1252 1283 opera
1284 1200 1352 1266 fere
1382 1201 1489 1266 omnia
1523 1201 1565 1265 ad

210 1304 403 1370 ludaeorum
426 1303 614 1385 religionem
638 1303 800 1387 pertinent
823 1310 855 1369 et
878 1323 988 1368 eorum
1011 1302 1138 1390 scriptis
1160 1302 1261 1367 sacris
1282 1301 1436 1368 nituntur.
1480 1304 1565 1367 Raro

207 1405 273 1471 illic
296 1405 560 1489 philosophorum
583 1405 714 1470 nomina
737 1412 908 1488 memorat,
935 1424 1008 1469 raro
1032 1404 1137 1488 poetis
1159 1403 1304 1489 utitur¹),
1332 1424 1422 1469 raras
1450 1404 1564 1469 laudes

208 1526 328 1588 easque
350 1526 449 1590 parca
470 1527 567 1572 manu
590 1507 684 1573 datas
707 1507 754 1572 eis
776 1505 933 1589 concedit,
956 1511 989 1571 et
1011 1505 1139 1570 omnino
1162 1524 1235 1571 raro
1252 1505 1293 1572 de
1315 1505 1441 1589 graecis
1463 1506 1564 1570 verba

207 1608 293 1673 facit.
337 1611 380 1673 At
401 1629 527 1674 sacram
548 1609 604 1675 ille
626 1609 815 1692 scripturam
838 1615 997 1692 perpetua
1018 1606 1070 1672 vel
1092 1606 1358 1690 interpretatione
1380 1609 1433 1673 vel
1448 1608 1566 1690 compi·

208 1710 329 1776 latione
351 1711 554 1794 prosequitur
577 1717 608 1776 et
625 1710 746 1776 Mosem
768 1710 811 1774 ad
834 1711 958 1775 caelum
982 1708 1116 1774 extollit.
1154 1709 1224 1775 Hoc
1239 1718 1351 1775 eontra
1374 1709 1456 1774 libro
1472 1709 1563 1792 quasi

208 1811 372 1893 religionis
395 1833 474 1879 suae
496 1813 614 1878 oblitus
636 1812 678 1877 ad
702 1831 813 1877 omnes
839 1811 1009 1877 cuiuslibet
1035 1817 1145 1876 sectae
1170 1812 1223 1876 vel
1249 1812 1391 1896 αἱρέσεως
1419 1811 1565 1877 homines

207 1933 243 1978 se
265 1921 456 1980 convertens
479 1915 549 1979 sola
571 1914 695 1980 ratione
718 1921 941 1996 argumentum
964 1933 1055 1977 suum
1078 1911 1300 1978 demonstrare
1322 1920 1464 1978 conatur.
1504 1914 1566 1979 Ve-

207 2015 285 2080 teris
307 2014 435 2098 quidem
459 2017 642 2081 testamenti
665 2014 765 2081 verba
787 2015 948 2098 quaedam
970 2014 1082 2097 refert,
1113 2013 1257 2080 sednon
1280 2015 1374 2079 solito
1397 2035 1503 2099 more,
1531 2024 1565 2080 ut

207 2117 385 2183 certissima
407 2116 508 2181 divini
529 2117 669 2182 numinis
690 2117 820 2183 invocet
842 2117 983 2191 oracula,
1005 2116 1064 2182 sed
1086 2124 1256 2199 postquam
1278 2115 1422 2200 Epicuri,
1445 2118 1565 2183 Stoico·

207 2239 287 2301 rum,
310 2218 501 2301 Aristotelis,
525 2219 686 2301 Platonis,
708 2219 784 2301 quin
809 2217 909 2284 Ocelli
933 2238 1060 2301 quoque
1083 2217 1203 2282 Lucani
1228 2224 1260 2282 et
1283 2217 1416 2282 Hesiodi
1439 2227 1565 2285 senten-

205 2321 267 2385 tias
290 2320 500 2403 enumerarit,
525 2327 720 2403 postremum
743 2320 834 2403 quasi
857 2320 1043 2385 mantissam
1065 2320 1158 2382 illesis
1175 2319 1361 2382 Iudaeorum
1383 2320 1564 2404 lep-tolmone

205 2422 388 2506 opinionem
400 2421 556 2504 adiungit.
582 2422 735 2504 Reliquus
744 2430 852 2488 eutem
868 2422 949 2488 liber
964 2428 1050 2487 totus
1064 2420 1217 2504 Platonis,
1230 2420 1420 2505 Stoicorum,
1437 2423 1565 2507 Peripa·

203 2523 370 2589 teticorum
391 2523 552 2606 excerptis
571 2530 740 2589 contextus
755 2531 804 2590 est
826 2531 858 2588 et
873 2522 1135 2607 philosophorum
1158 2523 1326 2587 dumtaxat
1340 2524 1564 2591 auctoritatem

204 2625 347 2706 invocat3
370 2632 478 2707 atque,
500 2632 535 2688 ut
557 2625 698 2690 minores
721 2624 876 2706 omittam,
898 2632 990 2689 tanta
1004 2624 1214 2690 veneratione
1229 2625 1433 2691 Aristotelem
1456 2625 1489 2696 ὃς

204 2725 265 2790 ἔνια
286 2732 344 2790 τῶν
360 2728 593 2809 ἀναγκαιοτάτων
616 2729 658 2796 είς
679 2727 801 2791 ἕκαστον
824 2727 993 2812 φιλοσοφίας
1016 2727 1103 2811 μέρος
1125 2727 1338 2809 καιναταμήσας
1359 2729 1563 2814 πραςεξεύρετα

205 2828 287 2913 [6,5]
311 2828 396 2909 colit,
424 2836 459 2892 ut
480 2848 553 2894 eum
580 2828 633 2912 pie
659 2848 698 2893 ac
724 2828 894 2911 religiose,
921 2827 1051 2914 εὐσεβῶς
1077 2829 1124 2892 καὶ
1152 2827 1241 2898 ὁσίως
1268 2829 1311 2912 [4,
1321 2827 1388 2915 15],
1416 2830 1457 2895 de
1480 2831 1563 2915 prin-

204 2931 296 3013 cipiis
319 2950 425 2996 rerum
449 2929 641 2996 disseruisse
663 2930 759 2995 dicat.
805 2930 957 2996 Potuitne
978 2930 1058 2995 talia
1079 2929 1165 2994 idem
1189 2930 1283 2995 Philo
1306 2932 1446 2998 scribere
1468 2953 1562 3015 quem

202 3032 286 3098 adeo
310 3031 424 3114 puduit
445 3030 599 3115 profanos
622 3039 771 3098 auctores
793 3031 971 3115 nominare,
999 3039 1033 3096 ut
1061 3031 1157 3096 etiam
1181 3051 1252 3096 cum
1276 3053 1332 3098 eos
1355 3034 1561 3119 exscriberet,

202 3133 348 3198 formulis
371 3138 412 3203 ὡς
433 3133 497 3197 sire
519 3157 570 3209 τις,
594 3137 635 3203 ὡς
657 3136 780 3204 παλαιὸς
802 3132 1006 3217 imperatque
1028 3133 1101 3197 aliis
1125 3132 1217 3198 buius
1239 3135 1361 3218 modi²)
1384 3143 1537 3201 uteretur.

289 3238 330 3299 tlt
353 3255 393 3300 ex
416 3235 576 3318 operibus,
599 3255 683 3317 quae
705 3235 764 3300 sub
788 3235 920 3300 nomine
942 3234 1087 3299 Philonis
1109 3235 1151 3299 ad
1179 3243 1321 3301 nostram
1345 3246 1562 3320 pervenerunt

202 3343 354 3412 aetatem,
377 3358 443 3402 non
465 3336 555 3400 nulla
577 3336 718 3401 maxima
741 3357 812 3402 cum
829 3335 910 3401 libro
927 3335 998 3420 Περὶ
1021 3336 1187 3421 ἀφθαρσίας
1209 3336 1368 3404 affinitate
1391 3340 1562 3405 coniuncta

204 3446 289 3503 srrnt.
334 3437 518 3521 Disputatio
542 3437 625 3501 eninr
648 3437 698 3501 De
718 3441 867 3523 rapientis
882 3436 1028 3519 libertate,
1051 3437 1140 3502 cuius
1155 3458 1305 3520 graecum
1327 3447 1435 3505 exstat
1457 3461 1563 3507 exem·

205 3541 286 3623 plar,
309 3540 382 3605 libri
398 3540 462 3604 duo
479 3539 529 3602 De
539 3540 735 3623 providentia
751 3547 783 3605 et
798 3561 880 3604 unus
896 3539 946 3603 De
962 3539 1163 3622 anirualr'bus,
1186 3542 1331 3607 armenia
1345 3542 1392 3607 illi
1407 3543 1562 3627 interpre-

202 3641 325 3706 tatione
348 3641 478 3724 servati,
502 3642 616 3708 eadem
638 3641 696 3706 illa
718 3643 874 3725 praebent
897 3642 1025 3725 spuriae
1047 3662 1142 3724 quam
1165 3642 1274 3707 dicunt
1301 3644 1434 3726 originis
1457 3646 1560 3728 signa.

201 3743 330 3825 Ergone
347 3743 428 3809 baec
444 3743 552 3808 omnia
567 3764 638 3809 cum
653 3743 734 3808 libro
748 3744 797 3808 De
811 3742 1102 3829 incorruptibilitate
1115 3743 1317 3810 reiiciemus?
1344 3746 1563 3830 Ausleldius³)

273 3958 291 4020 ¹)
310 3956 346 4008 Cf.
367 3956 495 4024 Sleglried
514 3956 585 4007 Philo
604 3974 649 4008 ron
668 3957 824 4008 Alexandria
846 3957 912 4009 1875
932 3973 957 4025 p.
973 3956 1031 4009 137.

273 4044 293 4111 ²)
312 4042 351 4096 ct.
369 4044 528 4111 Bernaysius
547 4047 678 4097 comment
695 4043 728 4096 ad
747 4043 833 4108 autu.
938 4096 942 4103 ,

272 4131 292 4194 ³)
311 4129 419 4184 Ausicld
432 4130 544 4181 Dellbro
558 4131 627 4203 περὶ
645 4133 699 4182 τσῦ
718 4131 821 4183 πάντα
834 4130 1006 4184 σπουδαῖον
1025 4131 1103 4183 elect
1122 4128 1300 4202 ἐλεύθερον.
1327 4130 1469 4202 Gottingae
1484 4134 1563 4188 1887.

200 4218 297 4271 Eodem
317 4233 386 4271 anno
399 4216 590 4286 Hilgenfeldius
603 4217 738 4270 contendit
756 4214 889 4284 [Zeirrclr.
900 4218 926 4280 j.
940 4218 1079 4268 ιαίεααασσί.
1096 4217 1177 4268 Tleol.
1200 4216 1266 4270 1881
1286 4234 1311 4285 p.
1325 4217 1359 4268 te
1378 4219 1445 4288 seq]
1465 4221 1562 4275 librum

200 4305 232 4357 de
250 4320 306 4372 sap.
325 4305 371 4358 lib.
389 4304 527 4357 uPbilone
545 4319 598 4357 nou
617 4305 789 4371 compositum
808 4319 872 4369 esse,
892 4303 936 4357 sed
955 4308 1122 4356 retractatum
1142 4304 1338 4371 (uberarter'tet).
1376 4305 1459 4368 Qumn
1480 4308 1565 4361 libere

200 4391 276 4443 Philo
293 4391 412 4445 fontibus
431 4393 485 4444 suis
504 4406 567 4444 usus
586 4391 621 4443 sit
640 4407 762 4459 quaerere
780 4392 813 4445 ad
827 4392 893 4445 hanc
912 4390 1117 4459 disputationem
1135 4406 1189 4443 nnn
1207 4392 1329 4458 pertinet,
1348 4392 1393 4445 sed
1413 4410 1480 4461 quac
1499 4399 1564 4448 ante

200 4477 320 4530 Philonis
339 4482 449 4531 aetatem
478 4479 577 4545 scripte
605 4493 661 4530 csse
683 4478 794 4532 credidit
811 4476 1005 4546 Hilgenfeldius
1024 4492 1099 4537 secus
1126 4479 1189 4529 mibi
1214 4477 1335 4530 videntur
1354 4481 1563 4548 interpretanda.

199 4564 237 4617 ct.
257 4564 325 4617 inire
344 4583 369 4634 p.
383 4584 410 4617 rx
430 4582 455 4618 n.
472 4568 494 4618 l.
1329 4581 1333 4584 ’
